Migration ID,Migration Technique,Workload,Available Network Bandwidth (mbps),Page Dirty Rate (4KB pages per second),VM_SIZE (MB),Page transfer rate (MB/s),Total Migration Time (ms),Downtime (ms),Total Transferred Data (KB)
1463735632,auto-converge,mplayer,884,5058,631.46484375,150,6410,277,691971
1463735786,auto-converge,dacapo,922,15969,670.71484375,150,6946,271,782073
1463735855,auto-converge,dacapo,837,4073,332.81640625,150,3911,246,399937
1463735920,auto-converge,dacapo,832,4794,670.26953125,150,7708,283,783326
1463736070,auto-converge,mem,931,29157,1113.95703125,150,29656,830,3373336
1463736161,auto-converge,mem,928,12863,1151.390625,150,18120,312,2052670
1463736316,auto-converge,dacapo,922,16004,671.546875,150,7346,282,827319
1463736471,auto-converge,mem,911,10723,960.12890625,150,13823,311,1538227
1463736547,auto-converge,mem,913,12980,1151.39453125,150,18744,313,2089618
1463736628,auto-converge,parsec,919,2715,2029.17578125,150,33380,242,3745245
1463737040,compress,dacapo,190,11042,343.15625,150,11254,334,261218
1463737113,compress,parsec,268,402,390.6796875,150,8783,215,288232
1463737182,compress,mem,243,8001,786.12109375,150,83923,210,2497405
1463737327,compress,mem,246,1106,770.1328125,150,13316,120,400119
1463737641,compress,mplayer,388,5184,1218.33203125,150,25200,207,1195726
1463737727,compress,parsec,219,156,406.53125,150,16503,188,442528
1463737944,compress,mplayer,426,4482,1553.99609375,150,29061,111,1512610
1463738309,compress,mem,150,12894,1257.5,150,139349,22343,2564616
1463738510,compress,parsec,274,1763,426.49609375,150,11590,186,387867
1463738929,x-postcopy-ram,mplayer,883,5172,468.140625,150,4646,2,501257
1463738995,x-postcopy-ram,parsec,869,2025,381.96875,150,3784,2,401446
1463739059,x-postcopy-ram,mem,903,13271,1253.69921875,150,11714,2,1291753
1463739200,x-postcopy-ram,parsec,925,4752,2033.45703125,150,18480,2,2088852
1463739279,x-postcopy-ram,mplayer,916,5470,776.2890625,150,7302,2,817073
1463739413,x-postcopy-ram,parsec,924,2692,2033.63671875,150,18524,2,2090207
1463739493,x-postcopy-ram,mem,904,9251,782.3828125,150,7331,18,809243
1463739562,x-postcopy-ram,mplayer,921,19801,2024.81640625,150,18540,2,2084742
1463739714,x-postcopy-ram,mem,918,12894,1253.84375,150,11519,2,1291893
1463739788,x-postcopy-ram,parsec,922,177,397.0078125,150,3702,2,416834
1463739852,x-postcopy-ram,mplayer,917,5038,1465.09765625,150,13590,2,1521976
1463740276,original,mplayer,933,22674,1428.9453125,150,22439,695,2556297
1463740364,original,mplayer,895,4682,561.90234375,150,5654,224,617646
1463740436,original,bzip,936,4810,2037.375,150,21412,297,2447581
1463740519,original,parsec,929,3165,2035.265625,150,21890,291,2483382
1463740605,original,parsec,936,5641,2033.9296875,150,21321,274,2436896
1463740688,original,dacapo,859,15882,724.10546875,150,20649,442,2166576
1463740771,original,mplayer,912,5017,742.5390625,150,7185,246,800309
1463740921,original,bzip,924,4765,2038.42578125,150,20662,265,2332392
1463741005,original,dacapo,920,15795,724.84375,150,14484,816,1627396
1463741084,original,mem,932,11662,1260.0625,150,20376,322,2319845
1463741255,original,mplayer,939,19761,2024.609375,150,27528,726,3156533
1463741347,original,mem,930,17534,1155.6328125,150,23501,310,2668168
1463741431,original,parsec,914,356,394.73046875,150,4695,295,524081
1463741496,original,mem,933,12934,1260.07421875,150,20409,257,2325750
1463742137,auto-converge,mem,933,18693,1081.43359375,150,26658,288,3036452
1463742224,auto-converge,mem,897,1135,774.109375,150,7589,262,831408
1463742293,auto-converge,parsec,871,2663,2035.9296875,150,23001,296,2445532
1463742378,auto-converge,mem,920,10064,957.90625,150,13762,287,1545804
1463742453,auto-converge,parsec,861,23681,790.92578125,150,10967,274,1153780
1463742527,auto-converge,mplayer,918,994,1398.09375,150,12922,145,1448068
1463742684,auto-converge,mem,935,1098,774.28125,150,7269,225,830248
1463742752,auto-converge,mplayer,928,141,1402.86328125,150,12774,157,1447038
1463742825,auto-converge,dacapo,932,15923,664.53515625,150,6785,301,771856
1463742893,auto-converge,mem,924,1050,774.33203125,150,7357,235,830328
1463742961,auto-converge,dacapo,836,37442,719.015625,150,19640,955,2006164
1463743042,auto-converge,mem,877,1071,774.35546875,150,7774,253,832777
1463743112,auto-converge,mem,880,1059,774.35546875,150,7745,237,831937
1463743180,auto-converge,dacapo,918,16045,665.48046875,150,7469,287,837371
1463743395,auto-converge,parsec,931,96,2032.1484375,150,18385,144,2090824
1463743751,xbzrle,mem,923,19067,1083.26171875,150,18014,44,2031321
1463743903,xbzrle,mem,928,12912,1259.49609375,150,20496,282,2322420
1463744053,xbzrle,bzip,920,4812,2038.640625,150,21517,261,2417590
1463744135,xbzrle,mem,934,1754,727.54296875,150,7005,265,799145
1463744202,xbzrle,mem,926,12948,1259.49609375,150,20533,377,2321966
1463744284,xbzrle,dacapo,911,11067,342.35546875,150,3772,220,419548
1463744349,xbzrle,mem,927,1746,727.58203125,150,7063,308,799325
1463744417,xbzrle,bzip,837,4466,2038.171875,150,23876,265,2441710
1463744502,xbzrle,dacapo,926,16819,668.73046875,150,6860,274,775770
1463744571,xbzrle,mem,936,1121,773.8046875,150,7254,237,828937
1463744638,xbzrle,bzip,919,5653,2038.171875,150,21980,264,2466746
1463744722,xbzrle,bzip,909,5002,2038.22265625,150,22011,270,2442278
1463745395,xbzrle,parsec,902,3231,2035.3828125,150,22365,46,2463821
1463745479,xbzrle,parsec,930,2792,2035.46484375,150,21398,215,2429550
1463745561,xbzrle,parsec,879,2721,2035.33203125,150,22685,21,2435489
1463745715,xbzrle,mplayer,862,4824,736.1640625,150,7560,239,796023
1463746075,xbzrle,dacapo,906,16741,715.5859375,150,13934,302,1541416
1463746301,xbzrle,parsec,930,2794,2034.1875,150,21181,22,2405320
1463746460,xbzrle,parsec,925,2531,2034.19140625,150,21412,33,2419223
1463746543,xbzrle,parsec,922,119,298.078125,150,2807,150,315848
1463746822,compress,dacapo,183,15884,716.875,150,30149,2534,676387
1463747020,compress,mem,157,12924,1259.5078125,150,133401,21641,2563839
1463747215,compress,mem,165,19097,1081.42578125,150,127980,20573,2588672
1463747405,compress,parsec,198,2594,2031.91796875,150,59830,443,1450464
1463747725,compress,mem,242,7967,783.859375,150,83150,208,2464871
1463747963,compress,mem,205,7266,783.921875,150,64664,196,1621121
1463748195,compress,mplayer,442,19693,2024.1953125,150,43614,18,2353085
1463748610,compress,mem,165,18770,1081.5859375,150,127814,20745,2589255
1463749083,x-postcopy-ram,mem,891,10753,963.46484375,150,9135,3,994618
1463749360,x-postcopy-ram,mem,904,9689,963.49609375,150,9005,2,994650
1463749430,x-postcopy-ram,mplayer,919,2147,1415.7265625,150,12990,2,1457649
1463749909,x-postcopy-ram,mem,913,1781,727.828125,150,6755,1,753384
1463750414,original,parsec,882,218,385.671875,150,4853,258,522878
1463750567,original,dacapo,879,3675,330.125,150,3455,185,370977
1463750712,original,mem,888,34180,605.46484375,150,21627,3196,2346342
1463750881,original,parsec,925,2646,2034.66796875,150,21321,292,2408136
1463750966,original,mplayer,937,23060,2032.87890625,150,26755,663,3060935
1463751146,original,mplayer,900,29316,2032.88671875,150,28037,685,3080238
1463751326,original,dacapo,892,4766,330.0234375,150,3424,191,373108
1463751475,original,dacapo,900,19204,721.96484375,150,19617,521,2157157
1463751558,original,parsec,927,15341,773.921875,150,11473,289,1298565
1463751848,auto-converge,mem,925,12623,1155.5859375,150,18330,263,2070339
1463751928,auto-converge,mem,911,7864,785.56640625,150,9887,307,1099385
1463752001,auto-converge,mem,911,8054,785.54296875,150,10030,307,1116347
1463752071,auto-converge,dacapo,918,7866,344.24609375,150,3820,275,428382
1463752136,auto-converge,mem,882,18278,1085.5390625,150,30193,312,3253402
1463752227,auto-converge,dacapo,918,16011,675.3359375,150,6983,292,782461
1463752294,auto-converge,parsec,936,3178,2034.82421875,150,22250,288,2544577
1463752377,auto-converge,dacapo,803,6906,333.33203125,150,3818,212,374533
1463752442,auto-converge,parsec,921,6581,2034.23828125,150,21496,300,2418178
1463752527,auto-converge,dacapo,910,3915,333.58203125,150,3617,294,401983
1463752677,auto-converge,mem,930,29427,1119.66015625,150,29541,511,3354180
1463752768,auto-converge,dacapo,905,4628,674.01953125,150,7088,265,783188
1463752839,auto-converge,parsec,863,146,404.78125,150,5038,252,531098
1463752989,auto-converge,dacapo,803,3471,335.41796875,150,3860,235,378324
1463753287,xbzrle,parsec,875,163,294.76171875,150,2917,128,311670
1463753430,xbzrle,mem,921,1092,769.546875,150,7336,226,825461
1463753498,xbzrle,mem,931,10721,961.5859375,150,13538,311,1540053
1463753572,xbzrle,parsec,925,6744,2034.9453125,150,21097,215,2383795
1463753727,xbzrle,dacapo,908,15981,684.49609375,150,7264,120,805407
1463753795,xbzrle,mem,931,1771,730.4296875,150,7048,265,801710
1463753863,xbzrle,mem,864,7581,961.671875,150,13230,324,1395509
1463754010,xbzrle,dacapo,906,15979,685.1953125,150,7297,107,806987
1463754158,xbzrle,parsec,935,2657,2032.62890625,150,21122,227,2411165
1463754239,xbzrle,mem,935,12951,1255.90234375,150,20115,318,2297799
1463754321,xbzrle,mem,839,9253,961.78125,150,14991,322,1535503
1463754398,xbzrle,mem,929,12890,1255.921875,150,20346,407,2309398
1463754698,compress,mem,217,12911,1155.92578125,150,39895,94,1060034
1463754799,compress,dacapo,226,15906,675.1328125,150,18438,767,508862
1463754877,compress,dacapo,188,5678,675.26171875,150,20323,186,466551
1463755057,compress,mem,230,12887,1155.9765625,150,45524,99,1278425
1463755162,compress,mplayer,421,22924,2026.26171875,150,51296,1155,2641675
1463755274,compress,mem,228,13252,1155.9921875,150,46072,112,1286193
1463755380,compress,dacapo,205,15936,675.52734375,150,22734,829,568848
1463755611,compress,parsec,204,156,398.92578125,150,11664,206,291084
1463755683,compress,mem,222,12833,1156.046875,150,47542,113,1289476
1463755926,compress,parsec,264,155,405.05078125,150,9059,233,292543
1463755997,compress,mem,138,12908,1253.47265625,150,152066,22951,2562346
1463756211,compress,mplayer,261,1155,2028.1171875,150,72169,885,2301693
1463756344,compress,dacapo,185,3691,333.5078125,150,9937,225,224434
1463756846,x-postcopy-ram,mem,934,12856,1157.35546875,150,10464,8,1193113
1463756984,x-postcopy-ram,mem,924,1113,767.69140625,150,7037,2,794198
1463757255,x-postcopy-ram,parsec,853,341,406.8046875,150,4110,2,428351
1463757386,x-postcopy-ram,mem,846,37305,467.5703125,150,4714,2,486969
1463757454,x-postcopy-ram,mem,917,1105,767.75390625,150,7088,2,794258
1463757522,x-postcopy-ram,parsec,865,162,412.32421875,150,4089,2,432036
1463757659,x-postcopy-ram,mem,902,1061,767.75390625,150,7210,2,794258
1463757945,original,mem,920,1145,773.54296875,150,7387,261,829556
1463758014,original,mem,867,1112,773.54296875,150,7855,249,831262
1463758420,original,mplayer,940,20453,2026.5,150,26504,640,3041561
1463758595,original,bzip,907,4995,2038.26953125,150,22025,276,2440241
1463758678,original,bzip,937,6656,2038.2734375,150,21215,310,2428135
1463758760,original,dacapo,851,5378,341.1171875,150,4059,269,421741
1463758829,original,mem,936,12936,1256.75390625,150,20167,263,2305995
1463759075,original,mem,925,1063,773.62109375,150,7346,224,829576
1463759142,original,dacapo,881,3899,334.98828125,150,3516,200,378020
1463759425,auto-converge,parsec,911,3076,2035.7421875,150,22454,256,2498903
1463759758,auto-converge,dacapo,911,3621,330.953125,150,3340,199,371494
1463759985,auto-converge,parsec,904,3117,2033.28125,150,22145,308,2445257
1463760154,auto-converge,mem,910,20918,1081.421875,150,32591,293,3623037
1463760326,auto-converge,mem,840,1728,729.74609375,150,7862,251,806093
1463760623,auto-converge,mem,887,1188,771.89453125,150,7660,278,829615
1463761054,xbzrle,mplayer,911,14817,886.23046875,150,14012,222,1558965
1463761288,xbzrle,mplayer,901,14673,1339.65234375,150,17884,316,1968878
1463761369,xbzrle,parsec,931,8849,2034.609375,150,21415,221,2435137
1463761452,xbzrle,bzip,888,4902,2038.4453125,150,22451,228,2434578
1463761536,xbzrle,mem,918,19027,1077.69140625,150,18134,57,2033012
1463761616,xbzrle,bzip,935,4599,2038.4375,150,20903,271,2387149
1463761698,xbzrle,mem,923,1732,727.80078125,150,7098,279,799618
1463761840,xbzrle,parsec,931,2816,2031.9453125,150,21336,263,2426258
1463761998,xbzrle,mem,933,19025,1077.79296875,150,17780,81,2027020
1463762076,xbzrle,parsec,915,2896,2034.1015625,150,21746,21,2430543
1463762515,compress,parsec,158,2827,2035.57421875,150,74550,96,1444485
1463762652,compress,parsec,179,157,296.41015625,150,4899,38,107460
1463762819,compress,dacapo,145,16799,721.79296875,150,44672,1376,795283
1463762926,compress,parsec,191,2738,2033.01171875,150,52536,54,1225707
1463763133,compress,mem,248,7970,784.20703125,150,76220,220,2308628
1463763367,compress,dacapo,90,16731,722.60546875,150,53144,3378,584427
1463763484,compress,mem,155,12899,1257.62109375,150,135088,21978,2563346
1463763681,compress,dacapo,133,3876,334.89453125,150,13950,202,226972
1463763863,compress,parsec,159,119,296.609375,150,5645,40,109564
1463763931,compress,parsec,199,2740,2035.9296875,150,51908,53,1262569
1463764497,x-postcopy-ram,mem,929,13046,1259.38671875,150,11436,2,1297568
1463764571,x-postcopy-ram,dacapo,829,3992,330.1015625,150,3420,1,346355
1463764703,x-postcopy-ram,mem,916,8000,785.7578125,150,7262,2,812690
1463764837,x-postcopy-ram,parsec,921,2789,2032.41796875,150,18563,2,2088960
1463764916,x-postcopy-ram,mem,901,19090,1083.6875,150,10157,1,1117696
1463764989,x-postcopy-ram,mem,910,19035,1083.69140625,150,10051,1,1117704
1463765061,x-postcopy-ram,parsec,924,2887,2032.73828125,150,18521,2,2089292
1463765282,x-postcopy-ram,mem,903,19034,1083.69140625,150,10130,2,1117700
1463765422,x-postcopy-ram,mem,896,12920,1259.4140625,150,11863,1,1297596
1463765720,original,mem,932,19096,1085.41796875,150,27724,284,3156940
1463765894,original,mem,924,12951,1257.37890625,150,20673,280,2333694
1463766056,original,bzip,923,4509,2038.13671875,150,21491,314,2422671
1463766138,original,mem,936,1799,729.5390625,150,7014,268,801481
1463766205,original,mem,924,12928,1257.43359375,150,20728,300,2338106
1463766288,original,dacapo,911,11089,344.65234375,150,3958,278,440049
1463766352,original,mem,930,1762,729.5625,150,7043,297,800260
1463766420,original,bzip,856,4521,2038.203125,150,23196,290,2424410
1463766505,original,dacapo,902,16061,679.09375,150,7191,242,792309
1463766574,original,mem,933,1098,773.60546875,150,7279,220,829162
1463766641,original,bzip,926,4976,2038.24609375,150,21346,270,2413100
1463766724,original,bzip,915,5677,2038.2265625,150,22082,276,2468070
1463766895,original,mem,925,1052,773.64453125,150,7343,213,829218
1463767273,auto-converge,dacapo,928,15763,722.6796875,150,18902,340,2141320
1463767354,auto-converge,mem,933,17387,1079.8515625,150,26817,312,3057046
1463767446,auto-converge,bzip,851,4688,2038.234375,150,23623,276,2456065
1463767700,auto-converge,dacapo,930,16148,723.6171875,150,18463,417,2096899
1463767782,auto-converge,mem,917,1780,726.44921875,150,7136,277,799414
1463768010,auto-converge,bzip,907,4796,2038.07421875,150,21636,260,2395930
1463768094,auto-converge,bzip,919,4725,2038.09765625,150,21389,253,2400575
1463768179,auto-converge,mem,842,1590,726.4609375,150,7874,252,809572
1463768249,auto-converge,parsec,811,154,409.234375,150,5408,244,535564
1463768695,xbzrle,mem,921,12982,1157.5234375,150,18971,276,2133237
1463768774,xbzrle,bzip,892,4633,2037.28125,150,22209,281,2420170
1463768858,xbzrle,mem,888,29352,1119.640625,150,27674,1165,2999773
1463768947,xbzrle,mem,927,19055,1081.5390625,150,17945,50,2032516
1463769026,xbzrle,mem,883,19055,1081.54296875,150,18805,116,2028921
1463769107,xbzrle,mem,928,19096,1081.55859375,150,17978,127,2036570
1463769186,xbzrle,bzip,933,4645,2038.47265625,150,21227,270,2417958
1463769268,xbzrle,mem,924,12875,1157.578125,150,18275,352,2062609
1463769348,xbzrle,bzip,877,5396,2038.2890625,150,22583,291,2420132
1463769504,xbzrle,parsec,868,149,401.515625,150,4978,308,527531
1463769573,xbzrle,dacapo,853,8504,334.8515625,150,3617,194,376755
1463769637,xbzrle,parsec,917,151,296.765625,150,2803,143,313930
1463769774,xbzrle,mem,915,10682,963.73046875,150,13825,297,1545549
1463769849,xbzrle,mem,932,10897,963.734375,150,13420,300,1526787
1463770627,compress,dacapo,205,15977,677.59765625,150,22153,825,555132
1463770712,compress,parsec,198,2923,2032.6640625,150,48718,112,1177691
1463770822,compress,mem,134,1058,772.29296875,150,25761,120,422570
1463771040,compress,mem,205,1050,772.3046875,150,16145,134,404377
1463771500,compress,dacapo,161,16008,677.77734375,150,23044,374,454090
1463771796,compress,bzip,108,4210,2038.44140625,150,108055,130,1428196
1463772189,x-postcopy-ram,parsec,906,3056,2035.4296875,150,18914,2,2092019
1463772271,x-postcopy-ram,mplayer,907,4758,570.1484375,150,5374,1,595071
1463772404,x-postcopy-ram,dacapo,896,16068,716.78125,150,6785,2,742107
1463772473,x-postcopy-ram,mem,883,12233,1155.59375,150,11043,1,1191310
1463772547,x-postcopy-ram,dacapo,858,4563,683.4921875,150,6753,3,707747
1463772615,x-postcopy-ram,mem,919,12941,1263.3125,150,11597,3,1301591
1463772688,x-postcopy-ram,dacapo,914,16048,683.62109375,150,6342,1,708151
1463772756,x-postcopy-ram,parsec,873,183,394.76953125,150,3888,2,414474
1463772821,x-postcopy-ram,mem,924,10735,1155.64453125,150,10555,1,1191362
1463772893,x-postcopy-ram,mem,925,28896,1117.98046875,150,10203,2,1152803
1463773100,x-postcopy-ram,mem,921,12902,1263.37890625,150,11567,1,1301667
1463773241,x-postcopy-ram,mem,927,12786,1155.73046875,150,10524,3,1191450
1463773535,original,parsec,903,24843,779.7265625,150,11827,274,1304276
1463773610,original,parsec,883,24507,793.9140625,150,10286,278,1109614
1463773768,original,parsec,923,3007,2035.62890625,150,22103,253,2490341
1463773937,original,mplayer,840,1247,1404.59375,150,14194,110,1455779
1463774012,original,bzip,919,4964,2038.1796875,150,21658,309,2429982
1463774181,original,mplayer,889,13615,1868.40234375,150,20584,292,2235887
1463774266,original,mplayer,924,4930,1257.625,150,11893,277,1342211
1463774338,original,mem,932,10977,957.6328125,150,13314,296,1515891
1463774412,original,mplayer,791,5216,1414.2578125,150,15715,257,1518963
1463774571,original,mplayer,884,5092,1593.6484375,150,15888,294,1715148
1463775359,auto-converge,parsec,901,2882,2033.39453125,150,22184,280,2441902
1463775442,auto-converge,mem,782,7178,778.2890625,150,11678,270,1115206
1463775516,auto-converge,parsec,911,24771,776.765625,150,11846,276,1317323
1463775661,auto-converge,parsec,887,2701,2030.34375,150,30555,290,3310198
1463775925,auto-converge,mplayer,924,5382,1407.93359375,150,13335,254,1504699
1463776000,auto-converge,mplayer,934,14217,2027.72265625,150,21392,313,2439945
1463776083,auto-converge,dacapo,833,3847,331.80078125,150,3680,232,374082
1463776223,auto-converge,bzip,939,4857,2038.39453125,150,21412,292,2454968
1463776533,xbzrle,mem,928,12924,1255.4765625,150,20410,395,2312908
1463776758,xbzrle,mem,931,19082,1083.53515625,150,17732,53,2015681
1463776838,xbzrle,mem,928,12927,1255.4921875,150,20549,397,2329212
1463776923,xbzrle,mem,911,10448,959.44921875,150,13873,334,1543398
1463777000,xbzrle,mplayer,939,19939,2028.05078125,150,26335,431,3021072
1463777086,xbzrle,parsec,922,2408,2034.21875,150,21369,113,2405898
1463777171,xbzrle,mem,900,19130,1083.640625,150,18460,114,2029813
1463777251,xbzrle,parsec,888,2993,2029.9375,150,22233,21,2412243
1463777335,xbzrle,mem,919,17370,1083.671875,150,18111,54,2032651
1463777415,xbzrle,mem,924,8082,781.83984375,150,9722,296,1096698
1463777557,xbzrle,mplayer,936,24849,2026.15625,150,26561,554,3037406
1463777718,xbzrle,parsec,934,2623,2034.265625,150,20863,41,2379816
1463778225,compress,parsec,266,28365,777.546875,150,30194,2699,981233
1463778316,compress,mplayer,409,19879,2028.44921875,150,54714,1467,2731537
1463778529,compress,mem,264,27253,1121.54296875,150,145546,20906,4699582
1463778735,compress,parsec,152,2673,2033.98828125,150,63679,86,1183989
1463778862,compress,parsec,197,2904,2033.9609375,150,55332,17,1331725
1463778978,compress,mem,102,10316,1155.6796875,150,160010,15261,2006022
1463779201,compress,parsec,226,25189,766.06640625,150,31745,2129,878326
1463779294,compress,parsec,199,3881,2036.17578125,150,57008,46,1386601
1463779411,compress,parsec,174,2895,2035.7109375,150,58233,54,1238977
1463779531,compress,mplayer,457,5354,2035.06640625,150,35529,115,1984911
1463780353,x-postcopy-ram,parsec,872,292,382.9296875,150,3783,2,402793
1463780488,x-postcopy-ram,mem,929,1595,721.96484375,150,6587,1,747386
1463780558,x-postcopy-ram,mem,922,19058,1079.91796875,150,9893,2,1113837
1463780631,x-postcopy-ram,mem,924,1768,722,150,6625,2,747422
1463780700,x-postcopy-ram,mem,929,1776,722.03125,150,6590,1,747454
1463780767,x-postcopy-ram,mem,925,12565,1155.80078125,150,10552,2,1191526
1463780840,x-postcopy-ram,mem,905,28721,1119.7578125,150,10443,3,1154627
1463780981,x-postcopy-ram,mem,912,13425,1155.8125,150,10701,3,1191542
1463781188,x-postcopy-ram,parsec,903,2848,2031.94921875,150,18943,2,2088480
1463781269,x-postcopy-ram,parsec,916,2563,2031.94921875,150,18672,2,2088480
1463781350,x-postcopy-ram,mem,914,19039,1080.13671875,150,9975,1,1114064
1463781649,original,mem,920,7997,779.859375,150,9720,250,1092209
1463781721,original,mplayer,911,4927,560.25,150,5541,228,616234
1463781788,original,mplayer,894,4910,609.93359375,150,6146,258,670652
1463781855,original,mplayer,873,5179,665.6875,150,6861,286,731445
1463781924,original,parsec,932,2687,2034.37109375,150,22415,306,2552094
1463782007,original,mem,936,10604,963.77734375,150,13506,280,1543592
1463782080,original,mem,737,6406,780.08203125,150,12195,292,1098098
1463782155,original,mplayer,886,5103,994.0703125,150,9998,278,1082165
1463782229,original,dacapo,880,3644,337.4296875,150,3531,205,379548
1463782296,original,bzip,932,5344,2037.9296875,150,21726,302,2474040
1463782378,original,mem,919,19037,1081.81640625,150,26130,295,2934185
1463782549,original,parsec,935,3596,2032.52734375,150,21369,302,2440735
1463782631,original,mplayer,817,13283,2025.93359375,150,27271,494,2722277
1463782719,original,mplayer,937,866,2025.90234375,150,18262,164,2089496
1463782798,original,mplayer,824,15169,2026.3125,150,27253,491,2743887
1463783110,auto-converge,mem,917,8030,781.265625,150,9895,285,1108114
1463783182,auto-converge,mem,932,1841,727.46484375,150,7024,265,799486
1463783249,auto-converge,bzip,938,7507,2037.7421875,150,21000,280,2404595
1463783332,auto-converge,bzip,837,4684,2037.8359375,150,25020,294,2557691
1463783497,auto-converge,parsec,937,2663,2033.875,150,20973,293,2399604
1463783579,auto-converge,parsec,842,158,387.29296875,150,4985,228,512696
1463783990,auto-converge,parsec,919,188,392.26953125,150,4657,276,522468
1463784054,auto-converge,mem,897,8015,781.55078125,150,10208,280,1117961
1463784126,auto-converge,mem,919,1734,727.66015625,150,7120,262,799019
1463784194,auto-converge,parsec,913,1729,394.9375,150,5503,283,613787
1463784260,auto-converge,mem,893,17889,1082.19921875,150,29559,274,3222962
1463788339,xbzrle,parsec,882,15233,769.8125,150,9991,135,1076579
1463788411,xbzrle,parsec,876,25119,768.578125,150,9275,43,992144
1463788483,xbzrle,mem,917,12886,1159.35546875,150,19048,316,2132577
1463788637,xbzrle,dacapo,847,3845,330.0078125,150,3598,220,372006
1463788702,xbzrle,mem,914,11357,961.62890625,150,13983,290,1560490
1463788777,xbzrle,dacapo,886,3860,330.03125,150,3427,179,370638
1463788841,xbzrle,parsec,928,18291,782.08203125,150,9200,42,1042896
1463788913,xbzrle,mem,908,12719,1159.41796875,150,19119,298,2119721
1463789231,xbzrle,mem,935,12956,1279.63671875,150,20635,333,2357129
1463789314,xbzrle,dacapo,787,3591,329.6484375,150,4115,221,395311
1463789686,original,parsec,900,2989,2035.3984375,150,22313,256,2453555
1463789770,original,parsec,936,2814,2035.66796875,150,21495,288,2456060
1463789853,original,parsec,888,195,385.98828125,150,5108,281,553854
1463790257,original,dacapo,892,16664,716.90625,150,17418,519,1896825
1463790419,original,mem,936,29383,1117.47265625,150,45467,6682,5197708
1463790526,original,mem,919,1093,772.12890625,150,7389,226,828996
1463790683,original,mem,934,19398,1081.609375,150,29811,296,3401918
1463790861,original,mplayer,863,1305,2028.1484375,150,26103,473,2752191
1463791257,auto-converge,parsec,938,4531,2035.62109375,150,21615,280,2475815
1463791342,auto-converge,parsec,936,11063,2035.3046875,150,22695,273,2595055
1463791427,auto-converge,parsec,869,176,386.296875,150,4846,283,514123
1463791495,auto-converge,dacapo,930,15987,718.61328125,150,14588,383,1656928
1463791841,auto-converge,dacapo,900,17218,719.20703125,150,17323,431,1904114
1463791924,auto-converge,mem,849,31691,467.99609375,150,11997,297,1243292
1463792001,auto-converge,mem,936,27022,1117.76953125,150,45129,302,5159810
1463792108,auto-converge,mem,923,1066,771.51953125,150,7340,221,827424
1463792262,auto-converge,mem,935,19027,1077.625,150,27164,322,3101858
1463792436,auto-converge,mplayer,789,1197,2029.0546875,150,21734,121,2093880
1463792822,xbzrle,parsec,901,3055,2035.81640625,150,22536,141,2480405
1463792906,xbzrle,parsec,936,2817,2036.16796875,150,21307,29,2435434
1463792988,xbzrle,parsec,880,1773,385.3359375,150,4801,245,515686
1463793055,xbzrle,dacapo,929,15885,718.12890625,150,13680,328,1551935
1463793363,xbzrle,dacapo,843,16049,718.76953125,150,12654,62,1303136
1463793440,xbzrle,mem,663,37042,466.01171875,150,19569,742,1585043
1463793523,xbzrle,mem,876,27782,1115.59375,150,25818,230,2761902
1463793609,xbzrle,mem,923,1088,773.421875,150,7357,216,829332
1463793749,xbzrle,mem,931,19073,1083.37890625,150,17871,81,2031856
1463793904,xbzrle,mplayer,847,14414,2026.01171875,150,27009,353,2793284
1463812211,original,mplayer,914,14450,730.3203125,150,13108,500,1463008
1463812288,original,mem,925,18715,1079.47265625,150,28435,297,3211230
1463812378,original,mplayer,893,4802,704.77734375,150,6991,235,761969
1463812526,original,dacapo,923,15984,660.19140625,150,6838,281,771022
1463812760,original,parsec,879,149,302.96484375,150,2987,165,320598
1463812826,original,mem,925,10695,961.91015625,150,13531,287,1527854
1463812900,original,mem,819,9734,961.92578125,150,15706,287,1570390
1463812978,original,parsec,905,150,406.2578125,150,4818,302,532577
1463813213,original,parsec,878,152,411.3125,150,5010,264,537391
1463813282,original,parsec,872,21323,781.78125,150,12863,314,1369477
1463813666,auto-converge,mplayer,875,14310,733.453125,150,10310,298,1102006
1463813741,auto-converge,mem,932,19067,1079.55859375,150,27200,308,3096615
1463813831,auto-converge,mplayer,896,4470,706.66015625,150,6978,206,763680
1463813979,auto-converge,dacapo,921,15995,676.2890625,150,7405,234,833149
1463814210,auto-converge,parsec,830,165,299.06640625,150,3122,151,316346
1463814278,auto-converge,mem,917,10726,961.62890625,150,13718,295,1535896
1463814354,auto-converge,mem,787,8185,961.6484375,150,14731,240,1416730
1463814432,auto-converge,parsec,916,189,397.69921875,150,4680,280,523554
1463814669,auto-converge,parsec,888,157,400.19140625,150,4857,283,526722
1463814739,auto-converge,parsec,896,24546,787.33984375,150,11033,247,1207158
1463815103,xbzrle,mplayer,902,14293,722.55859375,150,8606,145,948208
1463815176,xbzrle,mem,916,18098,1081.14453125,150,18040,75,2017576
1463815256,xbzrle,mplayer,882,4793,692.25390625,150,6964,241,750364
1463815394,xbzrle,dacapo,915,17912,674.54296875,150,6993,282,781729
1463815625,xbzrle,parsec,842,173,298.203125,150,3075,140,316293
1463815693,xbzrle,mem,920,10912,968.5625,150,13788,296,1549541
1463815767,xbzrle,mem,821,8691,968.5625,150,15711,284,1576068
1463815845,xbzrle,parsec,914,267,412.75390625,150,4830,268,538892
1463816056,xbzrle,parsec,882,188,418.1484375,150,5106,255,550095
1463816126,xbzrle,parsec,848,12449,783.5078125,150,10761,40,1115057
1463816532,compress,mplayer,133,15750,808.10546875,150,48525,771,792610
1463816645,compress,mem,147,17961,1101.5546875,150,144305,21317,2596232
1463816851,compress,mplayer,398,5421,897.71875,150,17258,156,839999
1463817043,compress,dacapo,220,15968,675.03515625,150,20472,217,551013
1463817324,compress,parsec,80,151,298.8828125,150,11279,35,110355
1463817399,compress,mem,233,10877,965.54296875,150,116391,5414,3314266
1463817576,compress,mem,148,8562,965.54296875,150,158237,18380,2867286
1463817797,compress,parsec,259,199,424.6328125,150,9424,254,298488
1463818143,compress,parsec,118,189,434.01953125,150,46559,319,670508
1463818253,compress,parsec,112,23756,791.234375,150,59892,2203,822829
1463818665,x-postcopy-ram,mplayer,862,14445,696.13671875,150,7115,2,749293
1463818736,x-postcopy-ram,mem,902,19049,1085.47265625,150,10159,2,1119527
1463818809,x-postcopy-ram,mplayer,891,5207,674.9765625,150,6524,1,709640
1463818942,x-postcopy-ram,dacapo,896,16074,670.9609375,150,6355,1,695194
1463819146,x-postcopy-ram,parsec,859,124,296.01953125,150,2966,2,311327
1463819212,x-postcopy-ram,mem,855,10694,961.3046875,150,9506,2,992406
1463819283,x-postcopy-ram,mem,908,9437,961.3046875,150,8945,2,992410
1463819355,x-postcopy-ram,parsec,867,144,401.34375,150,3981,2,421345
1463819556,x-postcopy-ram,parsec,861,187,405.8671875,150,4049,2,425940
1463819624,x-postcopy-ram,parsec,881,25238,779.89453125,150,7514,1,808131
1463819985,x-postcopy-ram,mplayer,908,14734,703.296875,150,6816,3,756012
1463820055,x-postcopy-ram,mem,914,19062,1077.51953125,150,9956,1,1111381
1463820128,x-postcopy-ram,mplayer,902,5272,675.046875,150,6448,1,710410
1463820369,x-postcopy-ram,dacapo,885,15890,679.99609375,150,6514,2,704424
1463820573,auto-converge,parsec,827,106,297.6015625,150,3114,148,314469
1463820641,x-postcopy-ram,mem,881,10681,961.46875,150,9224,1,992574
1463820712,x-postcopy-ram,mem,890,10430,961.4765625,150,9135,1,992582
1463820784,x-postcopy-ram,parsec,880,1748,408.1328125,150,3986,2,428195
1463820985,x-postcopy-ram,parsec,880,775,414.078125,150,4038,1,434017
1463821053,x-postcopy-ram,parsec,835,25234,783.109375,150,7879,2,803192
1463821414,x-postcopy-ram,mplayer,907,14525,705.37109375,150,6834,2,757255
1463821485,x-postcopy-ram,mem,883,19089,1081.4140625,150,10347,1,1115368
1463821557,x-postcopy-ram,mplayer,925,5279,675.8203125,150,6301,2,711863
1463821690,x-postcopy-ram,dacapo,880,15985,665.9140625,150,6423,2,690048
1463821892,x-postcopy-ram,parsec,894,264,297.421875,150,2863,3,312755
1463821957,x-postcopy-ram,mem,815,10654,963.18359375,150,9986,3,994334
1463822028,x-postcopy-ram,mem,902,8898,963.1953125,150,9023,2,994346
1463822099,x-postcopy-ram,parsec,869,186,398.609375,150,3944,2,418453
1463822301,x-postcopy-ram,parsec,834,158,402.48046875,150,4126,1,420261
1463822368,x-postcopy-ram,parsec,919,17178,785.60546875,150,7217,1,810342
1463822734,x-postcopy-ram,mplayer,906,14388,703.82421875,150,6840,2,756623
1463822806,x-postcopy-ram,mem,922,19088,1079.56640625,150,9884,2,1113481
1463822878,x-postcopy-ram,mplayer,919,5091,680.3203125,150,6376,2,715747
1463823013,compress,dacapo,198,13255,682.265625,150,20829,2233,504586
1463823259,x-postcopy-ram,parsec,852,150,298.15234375,150,3014,1,313507
1463823327,x-postcopy-ram,mem,910,10890,983.59765625,150,9137,1,1015237
1463823399,x-postcopy-ram,mem,889,8764,983.59765625,150,9350,1,1015241
1463823473,compress,parsec,266,1720,402.1796875,150,9049,173,294035
1463823681,x-postcopy-ram,parsec,860,250,406.0546875,150,4043,1,424868
1463823749,compress,parsec,119,24538,783.36328125,150,59185,3689,865990
1463830512,compress,parsec,160,3013,2035.13671875,150,67394,80,1317356
1463830641,compress,parsec,192,2802,2033.4765625,150,55289,33,1298671
1463830758,compress,parsec,121,208,391.1796875,150,19666,117,290622
1463830843,compress,dacapo,180,24605,727.2265625,150,32306,2718,711123
1463831228,compress,dacapo,85,15442,728.21484375,150,57629,3433,604587
1463831484,compress,mem,200,27091,1113.3125,150,192457,21086,4703617
1463831738,compress,mem,246,1062,771.76953125,150,13264,159,398327
1463831956,compress,mem,170,19074,1081.80078125,150,124490,20243,2588354
1463832260,compress,mplayer,348,15050,2026.08203125,150,51605,607,2194373
1463832801,compress,mem,159,12921,1257.16015625,150,132129,21388,2567091
1463833128,compress,parsec,192,3130,2034.4921875,150,52700,36,1240294
1463833241,compress,mplayer,228,1277,1361.703125,150,49739,668,1386051
1463833698,compress,dacapo,173,10796,341.5078125,150,11716,211,247462
1463833770,compress,mplayer,352,14355,2030.53125,150,53356,796,2298192
1463833884,compress,mem,221,12518,1157.625,150,45785,101,1236801
1463833991,compress,dacapo,192,8155,341.578125,150,10824,203,253702
1463834172,compress,mplayer,238,1260,2030.44921875,150,75952,821,2211095
1463834311,compress,parsec,194,2702,2035.8125,150,53440,15,1265621
1463834425,compress,mem,164,19073,1083.77734375,150,128871,20709,2590409
1463834615,compress,mplayer,379,13003,2028.47265625,150,42995,79,1990738
1463834944,compress,parsec,198,2929,2035.30078125,150,53432,56,1296844
1463839902,compress,mem,240,1081,771.66015625,76,13559,133,397845
1463840228,compress,bzip,243,6673,2038.125,94,47422,130,1408553
1463840336,compress,dacapo,191,3666,328.5546875,114,9434,173,220791
1463840406,compress,mem,140,7571,963.640625,126,167706,18550,2870358
1463840637,compress,mem,243,1096,771.75,88,13395,165,398394
1463840710,compress,dacapo,195,3516,328.50390625,110,10312,190,245410
1463840914,compress,mem,169,19075,1083.60546875,85,124906,20329,2589419
1463841099,compress,dacapo,196,16088,664.88671875,90,20439,788,489408
1463841288,compress,dacapo,186,10882,340.4765625,99,10876,182,248016
1463841467,compress,mem,242,1094,771.828125,127,13461,121,398840
1463841761,compress,mplayer,226,5191,476.08984375,81,18394,296,509090
1463842038,compress,parsec,168,2578,2033.9921875,136,63345,45,1305008
1463842308,compress,dacapo,147,10672,341.26171875,99,15558,342,280809
1463842386,compress,parsec,201,1729,398.37109375,104,11824,197,290172
1463842460,compress,parsec,198,2787,2032.140625,77,51701,20,1255106
1463842573,compress,dacapo,190,10958,341.22265625,136,11453,239,265864
1463842754,compress,mem,275,1777,729.8046875,138,12529,152,421514
1463842826,compress,parsec,97,4997,2032.15234375,147,113619,20,1346426
1463843003,compress,mplayer,356,14766,2034.3671875,129,45305,102,1972773
1463843108,compress,parsec,195,149,416.91015625,105,13391,218,320197
1463843181,compress,dacapo,180,10823,341.3515625,76,11450,360,251809
1463843573,compress,dacapo,176,16124,718.4765625,83,40588,2965,875585
1463843799,compress,dacapo,220,7228,672.2109375,132,19469,974,524662
1463843988,compress,parsec,115,160,295.9296875,88,7761,21,109294
1463844276,compress,mem,218,12869,1157.60546875,87,45623,88,1219280
1463844385,compress,parsec,122,160,297.94921875,86,7291,62,109088
1463844455,compress,dacapo,177,15849,720.453125,89,29214,2980,632580
1463844547,compress,dacapo,156,3807,331.3515625,123,12107,185,231178
1463844720,compress,parsec,134,2633,2031.765625,113,160651,52,2641498
1463844941,compress,dacapo,220,16050,675.70703125,105,18130,392,488471
1463845662,compress,mem,222,12948,1159.59765625,88,47893,103,1300325
1463848799,original,mem,914,8029,783.71484375,111,9902,288,1105543
1463848870,original,mem,802,7175,783.71484375,131,11519,267,1127716
1463848944,original,mem,937,19064,1085.51171875,113,27456,300,3140544
1463849032,original,dacapo,819,10664,343.77734375,132,4294,224,429573
1463849099,original,mem,747,10758,965.7109375,89,19818,237,1808889
1463849510,xbzrle,mem,761,12913,1155.2734375,91,26957,338,2507072
1463849598,xbzrle,dacapo,833,3464,328.3984375,110,3654,193,371685
1463849663,xbzrle,dacapo,825,3857,329.09375,139,3675,231,370404
1463849729,xbzrle,parsec,931,3040,2035.6640625,134,21805,24,2479938
1463849887,xbzrle,mem,914,12840,963.625,111,15982,265,1784617
1463849965,xbzrle,parsec,646,2912,2033.74609375,77,31102,41,2455146
1463850211,xbzrle,mem,806,11292,963.64453125,100,17372,276,1709095
1463850291,xbzrle,parsec,726,160,298.36328125,91,3561,80,315630
1463850517,xbzrle,dacapo,851,15928,714.35546875,137,13505,303,1402969
1463850592,xbzrle,dacapo,890,3910,333.0546875,107,3651,281,396940
1463850955,auto-converge,bzip,909,4457,2036.8515625,125,21428,247,2379716
1463851039,auto-converge,mem,907,18006,965.234375,111,21202,309,2347521
1463851291,auto-converge,dacapo,859,3695,328.61328125,145,3754,308,393627
1463851445,auto-converge,dacapo,770,15983,677.3671875,119,8405,264,790369
1463851609,auto-converge,mplayer,843,1487,1720.828125,147,22024,348,2267442
1463851692,auto-converge,parsec,672,2915,2032.546875,80,29954,175,2459746
1463851783,auto-converge,dacapo,782,5655,677.3984375,93,8818,248,841657
1463851948,auto-converge,dacapo,856,9920,342.28515625,141,4077,253,426126
1463852018,auto-converge,dacapo,809,15954,723.0234375,97,18116,448,1790050
1463852096,auto-converge,dacapo,931,16027,677.51171875,141,7401,287,841760
1463852165,auto-converge,dacapo,810,4498,333.8046875,101,4054,260,401134
1463852524,x-postcopy-ram,dacapo,684,16400,734.16015625,81,9095,5,759791
1463852596,x-postcopy-ram,mem,741,12847,1157.38671875,88,13190,3,1193146
1463852737,x-postcopy-ram,mplayer,859,4338,723.8828125,148,7213,2,756640
1463852807,x-postcopy-ram,mem,708,1750,727.68359375,84,8715,2,753236
1463853084,x-postcopy-ram,mplayer,781,5176,1153.51171875,93,12589,2,1200583
1463853157,x-postcopy-ram,mem,917,13048,1157.44921875,134,10655,2,1193209
1463853227,x-postcopy-ram,mem,801,1765,727.734375,95,7701,2,753288
1463853361,x-postcopy-ram,mem,918,12861,1157.46484375,115,10637,2,1193225
1463853433,x-postcopy-ram,mem,880,19078,1085.3984375,112,10411,3,1119447
1463853808,original,mem,920,7994,787.37890625,129,9918,292,1114272
1463853878,original,mem,635,1122,769.02734375,75,10829,173,839659
1463853951,original,parsec,639,2726,2035.6015625,76,32402,200,2529353
1463854205,original,mplayer,824,23542,2027.88671875,98,29436,667,2963367
1463854296,original,parsec,807,121,294.60546875,103,3161,123,311361
1463854446,original,parsec,722,2722,2034.06640625,86,27882,196,2459383
1463854620,original,mem,924,8088,787.5234375,145,9830,303,1108799
1463854690,original,mem,855,1110,769.15625,141,7916,265,826952
1463854876,original,mem,854,7185,787.54296875,128,10306,315,1074679
1463855030,original,mem,928,13024,1151.4296875,132,18354,299,2079669
1463855336,xbzrle,dacapo,868,7990,329.9453125,106,3735,245,395724
1463855400,xbzrle,mem,921,12918,1263.25390625,147,20785,482,2339138
1463855557,xbzrle,mem,907,1078,771.671875,109,7469,239,827730
1463855625,xbzrle,mem,936,10789,963.609375,119,13624,303,1556686
1463855699,xbzrle,bzip,745,4096,2038.30859375,89,27482,216,2500242
1463855788,xbzrle,dacapo,913,15969,665.3984375,127,6927,275,772131
1463855856,xbzrle,dacapo,811,6777,332.32421875,148,3786,249,374770
1463855922,xbzrle,mem,924,12905,1263.3125,128,20667,390,2331066
1463856004,xbzrle,mem,918,8007,782.02734375,115,9798,268,1098877
1463856319,xbzrle,dacapo,674,4558,665.07421875,80,9552,111,785804
1463856765,auto-converge,mplayer,901,5124,480.19140625,141,4955,263,545012
1463856831,auto-converge,mem,933,30167,1115.984375,123,29164,689,3322840
1463856922,auto-converge,parsec,722,14996,775.3046875,86,18847,233,1661612
1463857002,auto-converge,parsec,866,25520,781.83203125,119,15492,274,1638004
1463857488,auto-converge,parsec,849,2507,2031.92578125,102,23407,221,2428000
1463857647,auto-converge,dacapo,923,15972,668.66796875,139,6900,261,777504
1463857715,auto-converge,parsec,757,2605,2031.91796875,90,37044,1267,3426449
1463857815,auto-converge,dacapo,848,16014,669.3515625,111,7511,306,777485
1463857884,auto-converge,bzip,723,4795,2038.21484375,86,29102,233,2569339
1463858352,x-postcopy-ram,parsec,860,169,294.37109375,115,2949,1,309648
1463858418,x-postcopy-ram,mplayer,869,4974,610.28125,104,6043,1,641639
1463858484,x-postcopy-ram,mem,893,10745,963.65234375,122,9116,2,994809
1463858554,x-postcopy-ram,mem,918,9148,963.65234375,142,8875,12,994809
1463858624,x-postcopy-ram,mem,904,18541,1083.66015625,110,10121,2,1117668
1463858696,x-postcopy-ram,dacapo,752,15664,734.78515625,89,8277,2,760595
1463858766,x-postcopy-ram,mem,920,17984,1083.66015625,123,9946,2,1117668
1463858902,x-postcopy-ram,dacapo,630,10853,342.078125,75,4656,1,358485
1463858966,x-postcopy-ram,mem,749,12904,1257.5546875,89,14164,1,1295701
1463859112,x-postcopy-ram,mem,693,7968,785.73828125,83,9603,2,812686
1463859182,x-postcopy-ram,parsec,900,154,382.80078125,143,3657,2,402165
1463859248,x-postcopy-ram,mem,789,7656,785.74609375,94,8428,1,812678
1463859318,x-postcopy-ram,mem,932,10694,963.6953125,131,8739,2,994853
1463859616,original,dacapo,895,3724,325.05078125,112,3344,220,365441
1463859679,original,mem,902,1787,729.484375,144,7301,251,803785
1463859748,original,parsec,935,2674,2035.37890625,150,21353,299,2438018
1463859830,original,mplayer,918,5254,681.7734375,148,6635,212,743783
1463859896,original,mem,935,12861,1153.546875,140,17768,299,2029738
1463860063,original,parsec,937,2735,2034.9140625,116,21236,265,2429631
1463860146,original,parsec,684,3221,2034.171875,81,42738,1002,3572941
1463860250,original,dacapo,650,7112,331.38671875,79,5153,206,409133
1463860319,original,parsec,681,2686,2033.9453125,81,30145,176,2507467
1463860409,original,dacapo,710,16889,726.79296875,85,23325,613,2022527
1463860496,original,mplayer,857,5200,1416.90625,105,14452,296,1513480
1463860825,original,mplayer,936,20919,2030.7109375,130,29180,629,3334809
1463861144,xbzrle,parsec,744,206,382.20703125,88,5589,223,507683
1463861211,xbzrle,dacapo,731,15735,720.5234375,91,14820,290,1323179
1463861289,xbzrle,mem,712,13088,1157.6484375,85,29174,237,2538107
1463861453,xbzrle,mem,701,1747,726.04296875,83,9527,222,815595
1463861523,xbzrle,bzip,918,5503,2038.6484375,140,21644,308,2426850
1463861676,xbzrle,mem,893,1765,726.125,127,7302,267,796714
1463861746,xbzrle,parsec,833,206,391.66015625,143,5084,188,517294
1463861814,xbzrle,mem,920,1830,726.1953125,132,7101,294,797849
1463861882,xbzrle,mem,906,1731,726.20703125,126,7217,274,798781
1463861950,xbzrle,parsec,828,153,394.2578125,146,5140,264,519519
1463862090,xbzrle,mplayer,904,14577,2026.16015625,148,24814,310,2740448
1463862176,xbzrle,parsec,916,1756,397.53125,126,5067,26,566900
1463862553,auto-converge,parsec,724,17163,782.03515625,86,16237,229,1435139
1463862800,auto-converge,parsec,698,197,386.5234375,82,6065,211,516879
1463862867,auto-converge,dacapo,927,17384,680.08984375,137,7352,258,832700
1463863186,auto-converge,parsec,731,133,296.3515625,135,3514,138,313595
1463863340,auto-converge,parsec,916,152,396.96484375,122,4682,284,523458
1463863406,auto-converge,parsec,820,24823,788.04296875,132,13031,257,1304310
1463863567,auto-converge,parsec,875,159,296.36328125,107,2932,120,313225
1463863634,auto-converge,parsec,882,2358,2034.14453125,107,22585,250,2433964
1463864243,x-postcopy-ram,bzip,897,4663,2036.90234375,132,19119,1,2093563
1463864461,x-postcopy-ram,mem,928,13016,1257.69140625,147,11437,2,1295844
1463864533,x-postcopy-ram,dacapo,779,16721,725.796875,93,7900,2,751558
1463864604,x-postcopy-ram,mem,911,6069,782.01953125,137,7272,10,808867
1463864815,x-postcopy-ram,mplayer,930,20182,2030.6171875,131,18392,2,2088039
1463864894,x-postcopy-ram,dacapo,631,4089,330.671875,77,4500,1,346847
1463864965,x-postcopy-ram,mem,913,1077,773.53515625,126,7173,2,800185
1463865037,x-postcopy-ram,parsec,877,25267,774.7578125,129,7547,1,808479
1463865105,x-postcopy-ram,dacapo,652,16000,679.3125,77,8837,1,703621
1463865406,original,mem,922,1062,765.96875,115,7296,240,821489
1463865640,original,dacapo,837,15957,670.68359375,102,8125,249,830378
1463865709,original,dacapo,826,4058,327.6484375,98,4056,249,409165
1463865774,original,mem,932,29414,1118.0546875,124,46154,6675,5251033
1463865881,original,mem,935,1090,768.53515625,141,7218,219,824052
1463865949,original,dacapo,761,15930,670.40625,140,9718,265,903433
1463866145,original,dacapo,922,7025,329.390625,150,3516,277,395732
1463866209,original,mem,933,29453,1122.390625,122,44410,6486,5061971
1463866315,original,mem,939,13049,1674.03515625,149,25771,294,2955748
1463866402,original,mem,935,11611,1261.98828125,137,23354,302,2667581
1463866577,original,mem,838,1093,768.5546875,100,8091,268,828440
1463866646,original,mem,930,1092,768.58203125,131,7254,205,823562
1463866946,xbzrle,dacapo,888,3876,329.13671875,133,3646,272,395255
1463867010,xbzrle,dacapo,820,3950,329.23046875,137,3955,269,396140
1463867148,xbzrle,mplayer,754,4767,670.8203125,90,8052,175,740997
1463867217,xbzrle,mplayer,930,32872,1454.6796875,144,22753,275,2583065
1463867372,xbzrle,mem,794,2162,728.59375,97,8301,254,805263
1463867664,xbzrle,mem,883,1740,728.6796875,108,7443,273,802573
1463867732,xbzrle,parsec,682,2656,2034.4765625,82,29387,148,2446620
1463867822,xbzrle,dacapo,846,6937,813.4140625,136,8628,250,891677
1463868102,xbzrle,dacapo,842,15936,1128.7265625,138,19262,333,1980233
1463868410,auto-converge,dacapo,867,16035,667.31640625,107,7325,266,775494
1463868561,auto-converge,mem,937,12912,1261.34375,123,20187,279,2311148
1463868642,auto-converge,mem,833,1760,727.56640625,100,7908,272,804777
1463868710,auto-converge,parsec,784,143,297.0390625,150,3292,130,315021
1463868862,auto-converge,mem,812,22788,1117.5234375,143,41092,553,4074940
1463868965,auto-converge,parsec,847,24563,777.17578125,139,11999,270,1241699
1463869040,auto-converge,mem,914,1732,727.67578125,131,7172,271,800601
1463869192,auto-converge,mem,934,12924,1261.53515625,117,20415,302,2329724
1463869274,auto-converge,dacapo,860,15986,667.7109375,106,7424,286,779961
1463869343,auto-converge,parsec,738,3619,2031.8359375,88,27298,187,2460885
1463869594,auto-converge,parsec,677,119,299.2421875,81,3838,71,317236
1463869884,x-postcopy-ram,parsec,698,6611,2035.2734375,83,24539,2,2091880
1463869970,x-postcopy-ram,parsec,890,2583,2035.21875,107,19236,3,2091831
1463870056,x-postcopy-ram,parsec,855,179,390.78515625,145,3910,2,408204
1463870121,x-postcopy-ram,mplayer,886,851,1006.76171875,123,9605,1,1038959
1463870192,x-postcopy-ram,parsec,806,16865,786.7421875,103,8242,2,811770
1463870266,x-postcopy-ram,parsec,935,2641,2034.34375,122,18317,1,2090931
1463870348,x-postcopy-ram,parsec,911,19829,2033.69921875,118,18795,2,2090271
1463870580,x-postcopy-ram,bzip,934,4622,2038.58203125,118,18374,2,2094922
1463870659,x-postcopy-ram,parsec,881,2680,2034.39453125,145,19436,3,2090983
1463870739,x-postcopy-ram,parsec,930,3190,2031.9609375,136,18386,1,2088492
1463870820,x-postcopy-ram,bzip,926,4908,2038.640625,150,18514,2,2094926
1463870973,x-postcopy-ram,mem,905,12933,1259.66796875,130,11736,2,1297856
1463871047,x-postcopy-ram,parsec,896,197,416.54296875,130,3992,2,436825
1463871431,original,mem,939,12913,1259.58203125,129,20369,270,2335794
1463871627,original,dacapo,866,16184,720.58984375,103,17352,637,1834514
1463871802,original,parsec,900,2627,2034.3515625,145,21778,293,2393239
1463871884,original,mplayer,934,20596,2027.7578125,131,26601,680,3035370
1463872152,original,mem,936,19092,1079.703125,149,32365,283,3699291
1463872442,original,mem,854,7964,783.765625,102,10851,267,1131076
1463872513,original,mem,850,7566,783.765625,147,10583,289,1099007
1463872666,original,mplayer,808,20099,2021.1875,96,30166,690,2976439
1463873059,xbzrle,dacapo,905,3638,326.0234375,133,3316,222,366457
1463873195,xbzrle,mem,804,12009,1157.7265625,96,22663,293,2224672
1463873278,xbzrle,dacapo,932,15988,717.171875,113,12811,347,1458809
1463873430,xbzrle,parsec,822,192,390.73046875,108,5145,267,516598
1463873501,xbzrle,dacapo,669,3747,329.17578125,82,4884,186,398998
1463873565,xbzrle,dacapo,823,4078,329.19140625,99,4062,234,408355
1463873632,xbzrle,parsec,678,185,298.1171875,80,3820,67,316326
1463873697,xbzrle,dacapo,667,3818,330.7421875,83,4546,228,370393
1463873766,xbzrle,dacapo,874,3905,330.69921875,142,3695,301,394233
1463873831,xbzrle,dacapo,845,3578,330.82421875,132,3971,218,409876
1463873900,xbzrle,mplayer,881,578,2030.00390625,105,19453,136,2091993
1463873983,xbzrle,mem,725,1098,773.921875,86,9469,197,837974
1463874054,xbzrle,parsec,678,15113,785.6328125,81,13439,41,1112718
1463874360,auto-converge,bzip,936,7022,2037.03515625,117,21201,289,2424211
1463874442,auto-converge,mem,629,12943,1261.3359375,75,49834,218,3831870
1463874554,auto-converge,parsec,891,2713,2035.28515625,150,22913,319,2493245
1463874719,auto-converge,parsec,914,9647,2034.22265625,121,22464,269,2506758
1463874803,auto-converge,dacapo,851,14670,669.546875,146,7520,293,781170
1463874872,auto-converge,parsec,936,2834,2033.671875,132,20939,306,2394747
1463874954,auto-converge,mem,923,7969,781.04296875,117,9561,266,1077888
1463875109,auto-converge,parsec,871,24635,786.23046875,104,12849,271,1366625
1463875263,auto-converge,mem,923,8090,781.0859375,125,9754,273,1099306
1463875334,auto-converge,mem,911,1732,727.70703125,112,7186,269,799726
1463875402,auto-converge,mem,884,8180,781.140625,106,10412,261,1123988
1463875473,auto-converge,mem,781,1740,727.71875,93,8470,258,808277
1463876065,x-postcopy-ram,mplayer,898,13664,953.5078125,125,9164,2,1005304
1463876136,x-postcopy-ram,mplayer,884,4378,722.66015625,130,6992,9,754752
1463876340,x-postcopy-ram,mem,885,1723,728.2890625,107,6976,1,753856
1463876475,x-postcopy-ram,mplayer,933,4849,1146.23046875,134,10429,2,1188910
1463876546,x-postcopy-ram,mplayer,862,5503,1217.3203125,103,12017,2,1265586
1463876618,x-postcopy-ram,parsec,896,113,299.98046875,118,2882,1,315383
1463876682,x-postcopy-ram,parsec,755,209,299.984375,93,3418,2,315403
1463876746,x-postcopy-ram,mem,920,17883,1118.08984375,130,10262,1,1152923
1463876821,x-postcopy-ram,mplayer,648,14603,1721.66015625,77,22776,2,1803944
1463876906,x-postcopy-ram,parsec,922,19574,2030.44140625,112,18523,1,2086936
1463877216,original,mem,753,1081,772.01171875,89,9081,227,834749
1463877381,original,mem,874,8031,785.9296875,137,10592,277,1130602
1463877454,original,mem,702,1780,731.42578125,83,9556,196,819608
1463877524,original,mem,936,12876,1155.453125,142,17815,298,2036407
1463877603,original,mplayer,673,19823,2028.078125,80,37221,681,3058624
1463877702,original,mem,855,12881,1155.46875,102,21906,280,2286809
1463877785,original,mplayer,873,20202,2023.25,104,27700,682,2954162
1463877874,original,mem,828,1057,772.07421875,138,8223,281,831718
1463877943,original,dacapo,924,16086,735.48828125,132,19398,485,2190011
1463878024,original,mem,930,12902,1261.55078125,133,20547,296,2332790
1463878107,original,mem,917,1069,772.07421875,120,7399,255,828759
1463878266,original,mem,897,1090,772.07421875,143,7571,269,829277
1463878335,original,mem,929,1735,731.5390625,132,7078,287,802942
1463878404,original,dacapo,732,10723,342.88671875,86,4864,211,434995
1463878769,xbzrle,dacapo,818,10776,343.57421875,116,4292,80,428838
1463878907,xbzrle,dacapo,756,15935,659.796875,90,8460,97,781235
1463878977,xbzrle,mem,929,12233,1161.28125,146,17951,327,2036608
1463879207,xbzrle,parsec,925,2616,2033.6640625,147,21145,244,2388384
1463879289,xbzrle,mem,912,12550,1161.31640625,109,18581,310,2069739
1463879369,xbzrle,bzip,924,4503,2037.94921875,148,21672,301,2444943
1463879452,xbzrle,parsec,713,14808,2033.6640625,85,28069,160,2443994
1463879545,xbzrle,mem,926,13095,1259.03515625,123,20576,302,2326704
1463879701,xbzrle,mem,904,12892,1259.03515625,113,21175,241,2338885
1463879784,xbzrle,mem,925,7984,783.53125,127,9742,305,1100755
1463880604,auto-converge,mem,924,7666,778.2734375,119,9679,309,1091638
1463880674,auto-converge,mem,844,7514,778.27734375,146,10983,286,1132218
1463880747,auto-converge,parsec,880,150,294.171875,116,2976,135,319852
1463880811,auto-converge,bzip,936,5225,2038.17578125,129,21212,306,2425558
1463880892,auto-converge,mem,853,7723,778.32421875,105,10821,274,1127091
1463880964,auto-converge,mplayer,696,951,2027.99609375,83,24636,88,2093237
1463881134,auto-converge,mplayer,939,13959,2027.87109375,138,21812,300,2502589
1463881216,auto-converge,bzip,910,4798,2038.22265625,124,21736,309,2416304
1463881378,auto-converge,parsec,655,2467,2033.09765625,78,30993,197,2481527
1463881703,x-postcopy-ram,mem,879,11659,1261.7890625,106,12115,3,1300043
1463882120,original,dacapo,759,4330,329.73828125,90,4353,239,403642
1463882186,original,mem,815,1076,791.8046875,97,8586,216,855093
1463882256,original,parsec,899,2601,2035.68359375,140,22213,272,2440145
1463882342,original,dacapo,684,3158,330.53515625,93,4449,241,371545
1463882413,original,dacapo,761,3912,330.79296875,129,4272,274,396843
1463882483,original,mem,633,1123,791.95703125,75,11167,189,863764
1463882558,original,dacapo,748,3541,332.37890625,118,4067,228,371418
1463883585,original,parsec,819,2784,2032.046875,98,24781,255,2477809
1463883675,original,mem,855,18157,1121.94921875,133,34695,358,3622161
1463883775,original,dacapo,822,15593,723.234375,101,19933,554,2001172
1463883861,original,dacapo,777,3493,334.35546875,105,3949,258,374795
1463884423,auto-converge,dacapo,882,16092,719.7890625,120,18458,501,1987363
1463884504,auto-converge,parsec,869,2714,2033.37109375,106,22939,254,2435646
1463884590,auto-converge,mplayer,939,22118,2026.05078125,122,24693,322,2830712
1463884680,auto-converge,parsec,929,3364,2031.1484375,124,21573,282,2448016
1463884763,auto-converge,dacapo,667,16028,669.8359375,79,10777,215,878558
1463884834,auto-converge,dacapo,731,16040,669.85546875,88,8905,248,795102
1463884905,auto-converge,parsec,921,2743,2031.796875,127,21628,299,2432159
1463884988,auto-converge,mplayer,935,5090,1174.90625,138,11002,261,1256499
1463885060,auto-converge,parsec,880,1776,388.9921875,147,4791,268,514993
1463885128,auto-converge,parsec,866,2812,2031.8125,109,23004,293,2432536
1463885290,auto-converge,mem,743,1763,727.86328125,88,8958,197,812508
1463885361,auto-converge,parsec,847,24783,782.78125,101,13037,260,1348589
1463885529,auto-converge,parsec,918,154,394.29296875,112,4638,289,520019
1463885968,xbzrle,mplayer,785,949,1003.5859375,124,10891,87,1044476
1463886041,xbzrle,dacapo,658,18416,716.6640625,78,23202,334,1864796
1463886126,xbzrle,mem,913,19092,1081.51171875,147,18109,51,2018228
1463886207,xbzrle,mplayer,684,1120,1383.87109375,82,17153,88,1433958
1463886286,xbzrle,mem,930,8012,783.35546875,120,9682,289,1099973
1463886356,xbzrle,parsec,923,154,386.171875,139,4552,280,512899
1463886422,xbzrle,mplayer,679,1518,1728.890625,86,21581,66,1788903
1463886658,xbzrle,parsec,885,27481,389.18359375,125,4762,295,514781
1463886882,xbzrle,mem,818,19077,1081.5546875,145,20306,110,2028413
1463886965,xbzrle,mem,643,19778,468.19140625,115,12361,232,970741
1463887272,compress,mplayer,377,19597,1521.90234375,127,43732,1471,2015386
1463888333,original,dacapo,826,3558,326.7109375,99,3935,258,396854
1463888400,original,parsec,638,2786,2036.0859375,76,31618,212,2465754
1463888493,original,dacapo,830,3529,327.05078125,109,3867,301,391968
1463888562,original,mem,647,12911,1255.484375,77,45787,215,3619152
1463888765,original,parsec,757,149,297.41015625,90,3404,101,314550
1463888829,original,parsec,711,353,297.41796875,84,3622,69,314590
1463888975,original,mem,864,9589,782.2890625,103,11837,257,1248422
1463889047,original,parsec,731,146,297.4453125,103,3533,41,315413
1463889113,original,parsec,854,2786,2034.29296875,102,22916,273,2391308
1463889197,original,parsec,871,9176,2030.29296875,105,23512,258,2501663
1463889281,original,parsec,924,2576,2030.30078125,148,23463,279,2648194
1463889456,original,dacapo,736,10703,347.0390625,135,4856,224,436709
1463889524,original,dacapo,878,11076,346.99609375,140,4056,276,435015
1463889824,auto-converge,mem,913,1769,724.41015625,147,7147,246,796543
1463889891,auto-converge,mem,922,8032,783.83203125,117,9957,304,1121276
1463889962,auto-converge,parsec,938,2777,2035.484375,114,20872,271,2390484
1463890217,auto-converge,mem,705,10789,962.7734375,84,21997,217,1894981
1463890388,auto-converge,mem,840,8380,784.03125,141,11143,284,1143227
1463890461,auto-converge,parsec,872,3161,2033.18359375,104,31208,237,3324246
1463890632,auto-converge,dacapo,693,7893,341.37109375,82,5104,197,431918
1463890788,auto-converge,dacapo,866,11000,341.3046875,116,4052,241,428238
1463890937,auto-converge,mplayer,916,22465,2026.609375,140,27631,531,3092689
1463891025,auto-converge,parsec,773,191,407.25390625,93,5647,248,533255
1463892315,original,dacapo,871,3684,328.69140625,136,3476,212,369855
1463892380,original,parsec,814,6939,2035.359375,97,24762,250,2462914
1463892465,original,mem,891,1079,771.578125,148,7613,270,828324
1463892534,original,parsec,730,11181,2033.93359375,87,28684,190,2558505
1463892624,original,mplayer,937,22267,2028.390625,130,28768,692,3291869
1463892885,original,parsec,907,2832,2033.95703125,117,22111,273,2449242
1463892969,original,parsec,844,5919,2033.94921875,103,23585,251,2430396
1463893054,original,mplayer,758,19453,2026.41015625,91,33242,659,3076197
1463893149,original,mplayer,927,19637,2026.2734375,111,28479,700,3222682
1463893502,original,mplayer,895,23356,2026.16015625,124,28430,657,3106747
1463893899,auto-converge,mplayer,912,14310,761.03515625,143,11205,281,1248548
1463893974,auto-converge,mem,935,1079,771.21484375,136,7239,234,826478
1463894040,auto-converge,parsec,708,2637,2033.39453125,85,28497,230,2463320
1463894134,auto-converge,mplayer,896,12817,1109.3046875,108,14202,293,1554084
1463894210,auto-converge,parsec,647,2905,2032.12109375,77,34335,166,2715071
1463894306,auto-converge,mem,811,950,771.25,98,8382,248,830677
1463894464,auto-converge,dacapo,831,3742,332.16796875,102,3950,238,400795
1463894531,auto-converge,parsec,913,2934,2032.1171875,114,22745,308,2534885
1463894615,auto-converge,parsec,934,3122,2030.77734375,123,30798,1373,3512695
1463894707,auto-converge,parsec,935,2589,2030.78125,127,21223,266,2423801
1463894792,auto-converge,mem,932,12922,1259.60546875,132,20324,311,2312692
1463894874,auto-converge,mplayer,756,13841,2028.46875,91,30114,425,2780317
1463894966,auto-converge,dacapo,872,11497,346.99609375,108,4072,231,433617
1463895032,auto-converge,parsec,936,2666,2032.19921875,126,21182,274,2420627
1463895429,xbzrle,mem,913,1762,728.2890625,140,7192,267,801619
1463895496,xbzrle,dacapo,767,16087,659.88671875,92,8366,76,783623
1463895567,xbzrle,parsec,767,22584,2035.27734375,92,26673,165,2497866
1463895657,xbzrle,parsec,720,11577,2035.01953125,86,27695,85,2437228
1463895746,xbzrle,mem,886,21819,1166.484375,112,28675,295,3103884
1463895836,xbzrle,mplayer,934,14236,1523.44140625,145,19492,247,2223865
1463895916,xbzrle,parsec,907,2531,2032.86328125,149,21914,45,2427581
1463896522,original,parsec,700,14059,777.01953125,83,23041,376,1971015
1463896607,original,mplayer,651,622,1008.4765625,78,13154,77,1046107
1463896684,original,parsec,859,176,391.64453125,139,4938,266,517970
1463931069,original,parsec,925,23883,783.26953125,150,12074,297,1364329
1463931143,original,dacapo,834,3772,325.84765625,150,3600,205,366807
1463931210,original,dacapo,878,16653,718.63671875,150,22733,872,2438539
1463931296,original,mem,933,12949,1259.3515625,150,20415,271,2327219
1463931465,original,dacapo,867,26544,724.37890625,150,24897,463,2635357
1463931552,original,mem,931,12827,1159.5625,150,18732,302,2129514
1463931709,original,dacapo,905,3810,332.859375,150,3396,185,375143
1463931774,original,dacapo,898,16021,677.73828125,150,7621,258,835917
1463931844,original,mplayer,931,14634,2027.984375,150,24336,489,2768161
1463931930,original,mem,938,19073,1081.52734375,150,27385,281,3136071
1463932018,original,mem,932,12923,1259.3671875,150,20375,307,2318755
1463932099,original,mem,938,12860,1159.5703125,150,18412,311,2109268
1463932178,original,mem,935,1786,725.71875,150,6978,256,796349
1463932245,original,mem,926,1102,773.64453125,150,7335,233,829584
1463936385,original,parsec,829,189,296.9140625,150,3105,119,314102
1463936449,original,parsec,913,19406,792.5859375,150,10470,260,1167312
1463936521,original,parsec,911,2800,2035.27734375,150,22127,287,2462087
1463936695,original,parsec,884,214,297,150,2913,128,314323
1463936761,original,parsec,924,2872,2034.3515625,150,21511,279,2427104
1463936844,original,parsec,928,2976,2033.6875,150,21574,303,2445026
1463936929,original,bzip,886,4786,2038.43359375,150,22746,297,2460777
1463937012,original,bzip,930,7765,2038.4375,150,21839,278,2479880
1463937095,original,mplayer,764,4624,1230.1484375,150,14127,294,1318864
1463937171,original,dacapo,855,10715,344.953125,150,4105,266,428490
1463937238,original,parsec,789,197,299.01953125,150,3286,115,316543
1463937393,original,mplayer,878,20205,2028.828125,150,29605,742,3174985
1463937483,original,parsec,935,2802,2033.046875,150,21390,262,2442512
1463937960,auto-converge,parsec,939,2960,2036.39453125,150,21342,297,2448638
1463938127,auto-converge,parsec,784,184,297.7421875,150,3291,147,315183
1463938191,auto-converge,mplayer,841,14853,1192.21875,150,15538,287,1595139
1463938353,auto-converge,dacapo,916,10543,344.6328125,150,3868,264,432654
1463938419,auto-converge,mplayer,881,20628,2032.3125,150,25533,296,2748139
1463938506,auto-converge,parsec,912,24869,778.87890625,150,10405,265,1158888
1463938828,auto-converge,parsec,929,2745,2030.37890625,150,21029,251,2385980
1463938994,auto-converge,parsec,935,3162,2030.37890625,150,27642,273,3157393
1463939082,auto-converge,parsec,882,2762,2031.34375,150,33787,210,3641279
1463939400,xbzrle,mem,932,10967,963.4765625,150,13729,312,1562337
1463939547,xbzrle,mem,925,1789,728.15234375,150,7080,297,799873
1463939615,xbzrle,mem,891,1817,728.19921875,150,7366,281,801310
1463939979,xbzrle,mem,874,8025,785.72265625,150,10622,306,1133650
1463940125,xbzrle,mem,919,29015,1115.92578125,150,26408,950,2964531
1463940282,xbzrle,mplayer,917,19658,2026.38671875,150,27150,536,3041491
1463940370,xbzrle,mem,929,1768,728.25,150,7046,294,799194
1463940438,xbzrle,mplayer,914,22614,2026.39453125,150,26979,529,3010009
1463940526,xbzrle,mplayer,936,22481,2026.4140625,150,26632,533,3045390
1463940834,compress,mem,150,19119,1083.62890625,150,141649,21212,2595543
1463941460,compress,parsec,190,6767,2032.1953125,150,62138,45,1445056
1463941583,compress,mem,116,8415,963.68359375,150,202063,18215,2870121
1463941946,compress,parsec,172,203,412.828125,150,14047,161,295832
1463942243,compress,mem,105,8329,1157.5859375,150,135575,78,1752478
1463942444,compress,mem,218,10695,963.7734375,150,85858,216,2292580
1463942591,compress,parsec,189,7118,2033.76953125,150,57625,54,1334341
1463942710,compress,parsec,80,179,432.9609375,150,62358,1916,611390
1463942836,compress,mem,228,10972,963.83984375,150,91192,12674,2543748
1463943348,x-postcopy-ram,dacapo,904,3883,327.72265625,150,3116,2,343952
1463943413,x-postcopy-ram,parsec,926,2762,2036.12890625,150,18499,2,2092751
1463943491,x-postcopy-ram,mem,921,10745,961.6171875,150,8829,1,992726
1463943562,x-postcopy-ram,mplayer,921,5306,765.7890625,150,7162,1,805333
1463943699,x-postcopy-ram,mem,880,10903,961.640625,150,9232,3,992750
1463943768,x-postcopy-ram,dacapo,927,5930,687.5546875,150,6292,2,712194
1463944042,x-postcopy-ram,mplayer,929,5224,1335.6875,150,12251,1,1390095
1463944117,x-postcopy-ram,parsec,935,2583,2032.7890625,150,18305,17,2089340
1463944264,x-postcopy-ram,mem,931,12946,1255.44921875,150,11378,2,1293537
1463944559,x-postcopy-ram,dacapo,860,3831,326.82421875,150,3266,2,342980
1463944623,x-postcopy-ram,mem,916,29445,1115.6015625,150,10282,2,1150388
1463944759,x-postcopy-ram,bzip,934,4653,2037.25390625,150,18357,2,2093931
1463945042,x-postcopy-ram,mem,896,26594,1115.71484375,150,10511,19,1150496
1463945113,x-postcopy-ram,bzip,922,4994,2038.60546875,150,18596,2,2095034
1463945192,x-postcopy-ram,parsec,837,431,397.14453125,150,4063,2,415501
1463945259,x-postcopy-ram,parsec,928,2553,2032.9609375,150,18435,2,2089516
1463945339,x-postcopy-ram,dacapo,898,16093,720.37109375,150,6798,1,745667
1463945408,xbzrle,parsec,905,152,299.421875,150,2867,144,316750
1463945472,x-postcopy-ram,mplayer,929,5277,1450.578125,150,13273,1,1505461
1463945547,x-postcopy-ram,parsec,891,2762,2032.9609375,150,19192,2,2089516
1463945628,xbzrle,parsec,799,181,299.4296875,150,3245,127,316589
1463945912,x-postcopy-ram,mem,908,8243,783.85546875,150,7314,2,810758
1463946048,x-postcopy-ram,mplayer,933,20958,2025.94140625,150,18286,2,2084023
1463946126,x-postcopy-ram,dacapo,876,15966,681.84765625,150,6604,2,706412
1463946194,x-postcopy-ram,mem,918,1145,772.015625,150,7120,1,798621
1463946263,x-postcopy-ram,parsec,922,18627,789.6640625,150,7255,2,816681
1463946398,x-postcopy-ram,parsec,936,12013,2034.546875,150,18294,2,2091139
1463946478,x-postcopy-ram,mem,921,13230,1269.9453125,150,11630,2,1308377
1463946551,compress,mplayer,403,5263,1156.3984375,150,23048,184,1135466
1463946635,x-postcopy-ram,parsec,911,2475,2034.52734375,150,18793,2,2091119
1463946719,x-postcopy-ram,mem,933,12937,1269.9453125,150,11477,1,1308377
1463946793,x-postcopy-ram,mem,931,12924,1269.9453125,150,11504,9,1308377
1463946939,x-postcopy-ram,mem,931,12958,1269.9453125,150,11501,2,1308377
1463947012,x-postcopy-ram,mem,924,13024,1269.9453125,150,11591,1,1308377
1463947374,compress,mem,281,1782,728.40234375,150,12257,172,420762
1463947447,x-postcopy-ram,mplayer,880,5061,613.484375,150,6000,1,644903
1463947515,compress,mem,249,1136,772.67578125,150,13134,157,399251
1463947589,x-postcopy-ram,mem,927,8047,784.43359375,150,7169,2,811342
1463947657,compress,bzip,209,4642,2038.6015625,150,55194,93,1413188
1463947774,compress,mem,224,1604,728.46875,150,15772,119,432304
1463947853,x-postcopy-ram,mem,917,8010,784.4375,150,7245,4,811338
1463947920,compress,mplayer,335,1156,1716.390625,150,38047,82,1556633
1463948019,compress,mem,283,1795,728.45703125,150,12135,165,420223
1463948091,compress,dacapo,167,3850,331.2109375,150,10563,191,216139
1463948164,compress,parsec,202,3371,2034.21484375,150,52745,50,1302550
1463948347,x-postcopy-ram,mplayer,931,1492,2028.79296875,150,18345,1,2085253
1463948493,compress,mplayer,429,5449,1818.8046875,150,35219,191,1848171
1463948810,xbzrle,mem,933,19098,1077.97265625,150,17688,64,2014466
1463948890,original,parsec,874,2801,381.9296875,150,4766,293,508556
1463949033,original,parsec,883,208,384.69140625,150,4742,286,511307
1463949104,compress,parsec,200,3032,2035.9375,150,52159,16,1278852
1463949366,xbzrle,mem,896,19080,1078.125,150,18569,116,2032495
1463949524,x-postcopy-ram,mplayer,924,4973,1236.7890625,150,11389,11,1285579
1463949675,auto-converge,mem,931,11837,1259.796875,150,20367,285,2315634
1463949757,compress,mplayer,393,15614,2028.80078125,150,47075,672,2260815
1463949864,x-postcopy-ram,mem,887,8018,784.39453125,150,7487,2,811294
1463949934,xbzrle,bzip,907,5637,2038.10546875,150,22083,278,2447488
1463950318,original,dacapo,884,10940,338.08984375,150,3906,281,421655
1463950456,auto-converge,mplayer,855,12929,941.08203125,150,15547,393,1624402
1463950603,x-postcopy-ram,mem,915,12909,1155.64453125,150,10662,3,1191362
1463950753,xbzrle,mem,926,8011,785.6484375,150,9849,304,1113207
1463950893,xbzrle,dacapo,927,16272,723.53125,150,12730,275,1441495
1463951089,x-postcopy-ram,mem,910,7934,785.6328125,150,7311,2,812562
1463951236,auto-converge,mem,913,8018,785.6328125,150,9927,256,1107045
1463951380,x-postcopy-ram,mplayer,886,1229,2030.09375,150,19281,9,2086580
1463951461,original,dacapo,886,10564,339.6484375,150,3917,278,423733
1463951824,xbzrle,dacapo,810,10890,341.50390625,150,4292,132,424761
1463951962,x-postcopy-ram,mem,860,33665,468.12890625,150,4639,3,487517
1463952103,xbzrle,dacapo,822,10743,341.5078125,150,4214,170,423211
1463952170,x-postcopy-ram,mem,897,12942,1257.98828125,150,11831,2,1296136
1463952313,xbzrle,mplayer,913,14306,1689.65234375,150,21781,312,2427465
1463952655,x-postcopy-ram,mem,930,12921,1776.91796875,150,16095,2,1827391
1463952734,x-postcopy-ram,mem,934,12958,1776.96484375,150,16022,2,1827447
1463953258,original,dacapo,884,10651,343.984375,150,4026,234,434682
1463953323,x-postcopy-ram,mem,909,25086,1115.56640625,150,10359,8,1150332
1463953395,x-postcopy-ram,bzip,931,7571,2037.61328125,150,18418,2,2094450
1463953475,auto-converge,mem,934,29715,1115.56640625,150,29958,788,3415660
1463953567,original,parsec,806,193,391.66015625,150,5313,244,522864
1463953634,compress,mplayer,370,5332,935.4140625,150,20871,149,942783
1463953716,x-postcopy-ram,mem,927,7957,785.296875,150,7171,2,812218
1463953871,original,mem,916,19095,1080.12890625,150,28772,293,3219630
1463954212,x-postcopy-ram,mplayer,928,1109,2032.77734375,150,18439,2,2089364
1463954291,x-postcopy-ram,mplayer,894,5498,1709.671875,150,16225,2,1772160
1463954368,original,parsec,895,197,408.82421875,150,4896,263,535232
1463954727,x-postcopy-ram,mem,917,19111,1080.2109375,150,9947,2,1114152
1463954799,compress,parsec,275,24836,774.1875,150,38961,1778,1312173
1463954900,xbzrle,parsec,918,24770,787.9296875,150,9657,50,1083112
1463955053,x-postcopy-ram,parsec,873,287,383.63671875,150,3784,2,403481
1463955120,xbzrle,parsec,916,2545,2034.73828125,150,21586,207,2414055
1463955205,compress,parsec,152,2768,2033.203125,150,72726,22,1350863
1463955339,xbzrle,mem,894,19131,1080.25390625,150,18582,66,2028523
1463955419,compress,parsec,199,3418,2034.734375,150,50112,66,1221248
1463955625,compress,parsec,189,2711,2034.73046875,150,50363,85,1166281
1463955818,compress,parsec,149,2630,2033.1640625,150,66362,39,1212331
1463955944,compress,mem,272,1789,728.4140625,150,12685,154,422273
1463981953,original,mem,933,8498,1193.70703125,150,14994,283,1708867
1463982030,original,mem,937,5447,1642.92578125,150,18132,282,2075840
1463982728,original,dacapo,906,3613,328.57421875,150,3562,269,394227
1463982793,original,dacapo,779,3804,328.57421875,150,4163,265,395984
1463982860,original,oltp,915,298,273.1328125,150,2598,150,290185
1463982924,original,parsec,910,178,386.375,150,4618,269,512944
1463983960,original,dacapo,875,3538,324.87109375,150,3431,220,366566
1463984026,original,dacapo,782,4032,324.90625,150,3956,283,377716
1463984093,original,oltp,855,963,278.8828125,150,2899,115,302507
1463984160,original,parsec,896,178,392.4296875,150,4746,243,519003
1463984605,original,mplayer,923,5297,1166.31640625,150,11104,261,1251250
1463984874,original,dacapo,834,14343,682.1015625,150,8367,259,852163
1463984945,original,oltp,846,977,281.5390625,150,2957,89,305407
1463985227,original,specweb,895,313,403.28515625,150,3879,169,423803
1463985916,original,dacapo,860,6847,327.6484375,150,3779,279,396734
1463985983,original,dacapo,811,11303,328.05078125,150,4001,255,396170
1463986049,original,oltp,839,960,274.15625,150,2907,151,297608
1463986115,original,parsec,884,245,388.3828125,150,4764,257,514065
1463986560,original,mplayer,919,5293,1164.12890625,150,11126,286,1248916
1463986830,original,dacapo,813,15901,691.59765625,150,8702,257,864097
1463986901,original,oltp,852,947,278.32421875,150,2907,104,302381
1463987183,original,specweb,886,236,400.9453125,150,3891,144,421143
1463987884,auto-converge,dacapo,872,3943,323.29296875,150,3668,287,390561
1463987951,auto-converge,dacapo,774,4130,323.4296875,150,4151,243,392355
1463988018,auto-converge,oltp,820,956,275.0390625,150,2985,126,298789
1463988085,auto-converge,parsec,903,232,383.53515625,150,4664,262,514064
1463988525,auto-converge,mplayer,916,4964,1163.0390625,150,11149,303,1246530
1463988795,auto-converge,dacapo,814,16720,655.8125,150,7708,253,766636
1463988865,auto-converge,oltp,847,1007,278.6875,150,2924,133,302391
1463989147,auto-converge,specweb,900,368,404.9609375,150,3869,150,425338
1463989554,xbzrle,dacapo,852,4234,332.359375,150,3596,194,374308
1463989621,xbzrle,dacapo,773,3937,332.5234375,150,3976,223,375139
1463989688,xbzrle,oltp,833,947,270.5390625,150,2892,144,294222
1463989754,xbzrle,parsec,897,214,383.80859375,150,4646,304,508906
1463990136,xbzrle,mplayer,923,5356,1099.09765625,150,10520,277,1186107
1463990361,xbzrle,dacapo,842,15977,689.484375,150,7803,244,802015
1463990432,xbzrle,oltp,815,962,276.171875,150,3030,60,301497
1463990659,xbzrle,specweb,897,441,411.875,150,4132,186,452797
1463991071,compress,dacapo,100,7010,328.328125,150,19769,178,242336
1463991155,compress,dacapo,120,3570,328.65625,150,16606,220,243449
1463991232,compress,oltp,163,993,277.5703125,150,4813,40,96127
1463991299,compress,parsec,176,2027,386.81640625,150,13362,235,287772
1463991973,compress,mplayer,399,5108,1435.828125,150,29995,217,1462531
1463992456,compress,dacapo,194,15942,676.94140625,150,21061,846,498716
1463992540,compress,oltp,169,990,284.16015625,150,4578,36,94870
1463993023,compress,specweb,182,355,395.01171875,150,5086,49,113251
1463993432,x-postcopy-ram,dacapo,882,4001,323.11328125,150,3149,2,339233
1463993499,x-postcopy-ram,dacapo,868,3964,323.921875,150,3206,1,339973
1463993565,x-postcopy-ram,oltp,892,983,270.3359375,150,2618,2,285106
1463993631,x-postcopy-ram,parsec,782,175,382.6015625,150,4208,2,402109
1463993984,x-postcopy-ram,mplayer,921,5184,1060.3046875,150,9817,1,1104433
1463994197,x-postcopy-ram,dacapo,910,15933,668.20703125,150,6231,1,692387
1463994267,x-postcopy-ram,oltp,800,956,274.91796875,150,2968,1,289885
1463994476,x-postcopy-ram,specweb,895,281,406.21875,150,3884,1,424365
1463994885,x-postcopy-ram,dacapo,882,6904,324.7109375,150,3165,1,340924
1463994952,auto-converge,dacapo,783,4295,324.875,150,3835,208,366598
1463995017,original,oltp,862,959,270.43359375,150,2794,151,293897
1463995083,x-postcopy-ram,parsec,855,233,383.5234375,150,3855,1,402607
1463995435,x-postcopy-ram,mplayer,917,5233,1059.8671875,150,9848,2,1103052
1463995649,x-postcopy-ram,dacapo,872,16059,676.75390625,150,6585,2,701185
1463995717,x-postcopy-ram,oltp,851,1003,275.98828125,150,2799,11,290977
1463995927,x-postcopy-ram,specweb,898,380,403.0390625,150,3836,3,420881
1463996337,x-postcopy-ram,dacapo,889,3766,322.5390625,150,3117,1,338429
1463996405,x-postcopy-ram,dacapo,877,3528,322.734375,150,3163,1,338681
1463996471,x-postcopy-ram,oltp,882,950,277.40234375,150,2715,1,292344
1463996537,x-postcopy-ram,parsec,854,205,384.796875,150,3874,2,404205
1463996892,x-postcopy-ram,mplayer,922,5008,1065.1875,150,9869,1,1111435
1463997105,x-postcopy-ram,dacapo,855,16007,671.36328125,150,6661,2,695622
1463997173,x-postcopy-ram,oltp,844,949,279.62109375,150,2857,1,294612
1463997383,compress,specweb,184,280,409.6484375,150,5142,60,115507
1463997794,compress,dacapo,94,3805,324.8515625,150,17472,209,201015
1463997875,compress,dacapo,126,3622,324.96484375,150,14563,203,224545
1463997949,compress,oltp,78,972,276.7578125,150,11324,38,107950
1463998024,x-postcopy-ram,parsec,888,377,385.59765625,150,3741,2,405644
1463998378,x-postcopy-ram,mplayer,919,4951,1107.72265625,150,10287,2,1154428
1463998592,compress,dacapo,193,15954,658.61328125,150,22509,924,532063
1463998677,compress,oltp,170,963,279.078125,150,4564,72,94754
1463998886,compress,specweb,182,306,401.359375,150,4995,43,111180
1463999702,auto-converge,dacapo,867,3819,329.78125,150,3774,292,399577
1463999770,auto-converge,dacapo,805,3524,330,150,4038,281,396895
1463999838,x-postcopy-ram,oltp,873,984,278.83984375,150,2755,1,293744
1463999904,xbzrle,parsec,879,201,384.046875,150,4747,271,509269
1464000281,compress,mplayer,389,5319,1098.234375,150,21841,116,1038013
1464000562,auto-converge,dacapo,912,15865,686.49609375,150,7144,286,795704
1464000634,auto-converge,oltp,843,946,281.26171875,150,2963,101,305111
1464000864,xbzrle,specweb,904,296,412.59765625,150,3923,130,433233
1464001273,xbzrle,dacapo,864,4938,325.58203125,150,3740,276,394460
1464001341,xbzrle,dacapo,783,3711,326.49609375,150,4098,276,391668
1464001406,x-postcopy-ram,oltp,894,996,277.8046875,150,2680,2,292684
1464001472,x-postcopy-ram,parsec,815,395,392.37890625,150,4136,2,411774
1464001851,x-postcopy-ram,mplayer,922,5346,1093.5390625,150,10129,1,1140667
1464002074,xbzrle,dacapo,821,14692,680.28515625,150,7886,230,790384
1464002145,x-postcopy-ram,oltp,865,1049,279.0390625,150,2783,1,293992
1464002373,x-postcopy-ram,specweb,903,275,408.79296875,150,3870,1,426771
1464002782,xbzrle,dacapo,867,3914,325.3984375,150,3685,290,390278
1464002849,xbzrle,dacapo,751,4096,325.48046875,150,4279,238,392652
1464002917,x-postcopy-ram,oltp,850,962,276.51953125,150,2811,1,291694
1464002983,compress,parsec,174,229,387.3984375,150,13530,209,287679
1464003369,x-postcopy-ram,mplayer,920,4977,1105.88671875,150,10265,1,1153307
1464003591,xbzrle,dacapo,838,15892,674.41015625,150,7641,228,782036
1464003661,x-postcopy-ram,oltp,846,998,279.76953125,150,2856,2,295169
1464003889,x-postcopy-ram,specweb,912,243,406.4453125,150,3810,1,424368
1464004299,xbzrle,dacapo,862,3843,328.75390625,150,3512,191,369730
1464004366,auto-converge,dacapo,762,3846,328.80078125,150,3996,241,371950
1464004434,x-postcopy-ram,oltp,898,950,275.30078125,150,2644,1,290125
1464004501,compress,parsec,206,226,388.4140625,150,18621,165,469233
1464004941,x-postcopy-ram,mplayer,925,5342,1161.76953125,150,10703,1,1209081
1464005191,xbzrle,dacapo,801,15993,660.8046875,150,7978,107,780019
1464005261,x-postcopy-ram,oltp,839,943,279.6171875,150,2881,2,295089
1464005541,x-postcopy-ram,specweb,893,411,401.2734375,150,3844,1,419073
1464005955,auto-converge,dacapo,852,4260,327.39453125,150,3814,278,396759
1464006023,auto-converge,dacapo,787,8778,327.48828125,150,4083,264,392411
1464006088,x-postcopy-ram,oltp,811,1009,273.078125,150,2912,2,288339
1464006155,x-postcopy-ram,parsec,743,1950,386.90625,150,4476,2,406283
1464006529,x-postcopy-ram,mplayer,932,5504,1091.6484375,150,10014,2,1139962
1464006752,compress,dacapo,196,16063,671.52734375,150,21170,288,506963
1464006835,x-postcopy-ram,oltp,840,1022,276.96484375,150,2844,4,291820
1464007061,compress,specweb,180,306,393.29296875,150,4925,46,108258
1464008800,original,dacapo,894,3645,331.24609375,150,3419,207,373016
1464008868,original,mplayer,930,19813,2025.91015625,150,27102,728,3077709
1464009168,original,dacapo,907,15980,673.8125,150,7753,259,858869
1464009345,original,parsec,911,24597,789.36328125,150,10485,283,1165920
1464009418,original,parsec,867,2667,2034.1796875,150,22599,264,2391650
1464009584,original,dacapo,922,3701,331.890625,150,3321,191,373801
1464009871,original,dacapo,896,3576,331.79296875,150,3416,206,373861
1464009935,original,dacapo,806,15991,674.05859375,150,8607,235,847683
1464010006,original,dacapo,928,16324,674.140625,150,6909,267,782878
1464010498,auto-converge,dacapo,860,3819,327.60546875,150,3523,191,370029
1464010565,auto-converge,mplayer,930,20701,2025.1875,150,24468,307,2780240
1464010862,auto-converge,dacapo,902,16074,672.5546875,150,7227,273,796093
1464011039,auto-converge,parsec,915,26442,781.3046875,150,11081,280,1237800
1464011112,auto-converge,parsec,885,2718,2033.98828125,150,22157,296,2394545
1464011279,auto-converge,dacapo,921,3575,332.83203125,150,3559,275,400283
1464011565,auto-converge,dacapo,914,3750,333.77734375,150,3586,278,400331
1464011631,auto-converge,dacapo,825,16982,672.2734375,150,8257,263,832230
1464011700,auto-converge,dacapo,932,16039,672.26953125,150,7455,288,848212
1464012205,xbzrle,dacapo,850,3803,328.4375,150,3586,246,372290
1464012274,xbzrle,mplayer,932,20089,2025.5390625,150,25351,537,2885688
1464012524,xbzrle,dacapo,868,17334,667.61328125,150,7467,91,791295
1464012674,xbzrle,parsec,915,25180,787.06640625,150,9732,15,1087555
1464012744,xbzrle,parsec,852,2567,2033.8515625,150,23433,22,2439283
1464012901,xbzrle,dacapo,919,6877,332.62890625,150,3326,184,373094
1464013126,xbzrle,dacapo,901,7939,332.671875,150,3634,220,399634
1464013193,xbzrle,dacapo,834,16034,668.4921875,150,7621,230,776188
1464013264,xbzrle,dacapo,925,16050,667.9296875,150,7007,101,791892
1464013745,compress,dacapo,109,3995,325.671875,150,17182,195,229782
1464013825,compress,mplayer,411,20245,2030.35546875,150,53298,1298,2675871
1464014421,compress,dacapo,168,15916,669.64453125,150,25516,883,524632
1464014716,compress,parsec,260,15443,786.37109375,150,25534,2205,811323
1464014803,compress,parsec,152,2568,2033.9765625,150,70863,22,1321259
1464015036,compress,dacapo,191,4085,332.27734375,150,9729,269,227502
1464015500,compress,dacapo,183,3767,335.33203125,150,9728,194,218148
1464015575,compress,dacapo,202,16068,670.3671875,150,19822,315,490199
1464015658,compress,dacapo,230,16063,670.375,150,18528,279,520866
1464016180,x-postcopy-ram,dacapo,874,3851,327.5078125,150,3219,2,343540
1464016246,x-postcopy-ram,mplayer,884,20623,2026.453125,150,19304,3,2084709
1464016471,x-postcopy-ram,dacapo,907,15978,667.9140625,150,6248,2,692083
1464016612,x-postcopy-ram,parsec,910,25343,784.25,150,7294,2,810682
1464016680,x-postcopy-ram,parsec,927,2639,2031.69140625,150,18450,1,2088216
1464016830,x-postcopy-ram,dacapo,915,3549,331.67578125,150,3115,2,348235
1464017037,x-postcopy-ram,dacapo,833,7737,333.98828125,150,3448,2,350658
1464017103,x-postcopy-ram,dacapo,902,15947,667.67578125,150,6277,2,691843
1464017170,x-postcopy-ram,dacapo,912,15967,667.7421875,150,6215,2,691899
1464017648,x-postcopy-ram,dacapo,870,3613,328.3515625,150,3241,7,344244
1464017715,x-postcopy-ram,mplayer,918,19650,2025.875,150,18585,2,2082737
1464017935,x-postcopy-ram,dacapo,907,15961,664.03515625,150,6214,1,688116
1464018077,x-postcopy-ram,parsec,855,25632,791.33984375,150,7861,2,820952
1464018147,x-postcopy-ram,parsec,925,2666,2034.72265625,150,18512,2,2091319
1464018294,auto-converge,dacapo,926,3741,335.6953125,150,3347,199,378242
1464018500,auto-converge,dacapo,902,3559,337.59765625,150,3440,200,379021
1464018568,x-postcopy-ram,dacapo,888,15898,664.29296875,150,6347,1,688360
1464018636,x-postcopy-ram,dacapo,918,15937,664.35546875,150,6143,2,688448
1464019115,x-postcopy-ram,dacapo,887,3589,328.79296875,150,3182,2,344892
1464019183,x-postcopy-ram,mplayer,875,23541,2027.91015625,150,19515,2,2086536
1464019410,x-postcopy-ram,dacapo,888,15935,680.81640625,150,6505,1,705296
1464019552,x-postcopy-ram,parsec,860,21977,787.08984375,150,7760,2,814885
1464019621,x-postcopy-ram,parsec,934,2769,2033.56640625,150,18320,2,2090135
1464019769,x-postcopy-ram,dacapo,916,6836,333.19140625,150,3128,1,349846
1464019975,compress,dacapo,179,4123,333.33203125,150,10890,190,239087
1464020048,x-postcopy-ram,dacapo,906,16032,689.2265625,150,6450,1,713890
1464020116,x-postcopy-ram,dacapo,918,5448,690.58984375,150,6382,1,715601
1464020593,compress,dacapo,103,3624,323.95703125,150,17574,217,220825
1464020675,x-postcopy-ram,mplayer,916,19693,2028.02734375,150,18629,2,2084469
1464020898,compress,dacapo,130,15927,671.6875,150,28838,922,458227
1464021062,x-postcopy-ram,parsec,906,15179,782.43359375,150,7332,2,811158
1464021130,compress,parsec,157,2450,2033.98828125,150,62530,61,1203957
1464021323,compress,dacapo,194,3697,333.875,150,9344,184,221594
1464021535,compress,dacapo,183,3802,334.84765625,150,10808,181,242204
1464021609,compress,dacapo,207,15968,672.125,150,20092,226,508076
1464021691,compress,dacapo,226,15955,672.76171875,150,19391,302,535994
1464022178,auto-converge,dacapo,844,3790,329.65234375,150,3611,199,372136
1464022246,original,mplayer,930,19937,2027.296875,150,27167,702,3086416
1464022535,auto-converge,dacapo,889,15968,665.21875,150,7162,265,777410
1464022685,original,parsec,916,24818,780.34375,150,11805,273,1320498
1464022758,auto-converge,parsec,874,2780,2034.33203125,150,22926,259,2447350
1464022914,compress,dacapo,189,3789,332.3671875,150,9503,199,220128
1464023146,compress,dacapo,181,8255,332.234375,150,10196,175,226104
1464023219,auto-converge,dacapo,803,16040,664.546875,150,8394,226,823216
1464023288,original,dacapo,931,15990,664.609375,150,6803,271,773310
1464023775,x-postcopy-ram,dacapo,880,3737,327.81640625,150,3206,1,344502
1464023842,x-postcopy-ram,mplayer,905,19470,2027.4296875,150,18847,2,2084101
1464024088,auto-converge,dacapo,907,15905,667.15625,150,7449,281,824674
1464024237,xbzrle,parsec,908,24836,783.34375,150,8988,39,996685
1464024307,original,parsec,881,2514,2031.68359375,150,22608,247,2432132
1464024462,x-postcopy-ram,dacapo,922,3959,332.2421875,150,3095,3,348515
1464024689,auto-converge,dacapo,905,3784,333.71484375,150,3384,218,374067
1464024756,auto-converge,dacapo,807,16216,666.4453125,150,8382,281,825637
1464024827,auto-converge,dacapo,930,16934,667.0703125,150,7274,282,826281
1464025323,x-postcopy-ram,dacapo,852,3525,323.90625,150,3265,1,339709
1464025390,x-postcopy-ram,mplayer,895,20396,2026.390625,150,19078,2,2084565
1464025630,xbzrle,dacapo,868,16074,662.5625,150,7395,103,783550
1464025778,xbzrle,parsec,905,24364,790.22265625,150,10115,49,1118214
1464025848,xbzrle,parsec,861,2460,2031.7421875,150,22908,28,2408088
1464026004,x-postcopy-ram,dacapo,921,4196,327.50390625,150,3056,2,343720
1464026229,compress,dacapo,178,3939,327.66796875,150,9858,199,214411
1464026301,xbzrle,dacapo,802,15977,662.75,150,7858,253,769495
1464026370,xbzrle,dacapo,924,16304,662.93359375,150,6824,267,769827
1464026853,x-postcopy-ram,dacapo,850,3731,327.40234375,150,3307,1,343460
1464026921,x-postcopy-ram,mplayer,919,19799,2031.68359375,150,18623,3,2090650
1464027148,xbzrle,dacapo,898,4613,670.1875,150,7117,273,780232
1464027326,xbzrle,parsec,906,16111,779.3125,150,9617,42,1064376
1464027397,auto-converge,parsec,872,2686,2034.5703125,150,22905,301,2438953
1464027564,x-postcopy-ram,dacapo,912,3804,333.04296875,150,3136,1,349251
1464027850,compress,dacapo,177,3459,335.9296875,150,10080,188,218093
1464027921,xbzrle,dacapo,818,16089,671.9609375,150,7802,221,779647
1464027991,original,dacapo,929,16688,671.97265625,150,6914,274,784441
1464028488,auto-converge,dacapo,859,3851,330.15625,150,3547,179,371913
1464028556,x-postcopy-ram,mplayer,894,19781,2025.6484375,150,19071,3,2082453
1464028797,xbzrle,dacapo,879,16581,674.00390625,150,7271,267,780619
1464028947,compress,parsec,252,24514,786.79296875,150,27132,2406,835577
1464029035,compress,parsec,154,16329,2033.9765625,150,70599,28,1333255
1464029238,compress,dacapo,191,3927,331.37109375,150,9538,178,222337
1464029471,compress,dacapo,177,3688,331.296875,150,9989,211,216300
1464029545,compress,dacapo,198,16043,673.78515625,150,21802,779,529365
1464029629,compress,dacapo,235,16058,673.796875,150,16914,272,486516
1464035686,original,mem,935,12138,1169.59765625,150,18112,289,2068831
1464035872,original,parsec,923,2618,2032.8359375,150,21210,268,2391482
1464036146,original,dacapo,901,16478,392.42578125,150,10136,576,1115543
1464036219,original,parsec,920,2717,2030.65234375,150,21612,255,2427368
1464036422,original,parsec,929,21742,2033.58984375,150,21073,278,2392029
1464036528,original,dacapo,848,16819,396.4296875,150,14360,599,1487514
1464036710,original,bzip,910,5524,2038.47265625,150,21783,294,2422116
1464036976,original,mem,918,12110,1169.66015625,150,18637,272,2088541
1464040353,auto-converge,mem,937,12113,1511.19140625,150,23165,281,2650254
1464040548,auto-converge,parsec,919,2625,2034.69140625,150,21264,290,2386585
1464040827,auto-converge,dacapo,908,16607,816.66015625,150,11029,299,1223441
1464040901,auto-converge,parsec,908,3025,2035.17578125,150,22043,291,2444928
1464041108,auto-converge,parsec,926,2549,2036.03515625,150,21125,269,2389952
1464041210,auto-converge,dacapo,879,16573,818.40234375,150,12378,295,1328250
1464041390,auto-converge,bzip,914,4446,2038.421875,150,21873,274,2441660
1464041658,auto-converge,mem,925,12179,1511.19140625,150,23736,277,2680625
1464042176,xbzrle,mem,933,12147,1165.25,150,17967,299,2048324
1464042333,xbzrle,parsec,914,3306,2035.21875,150,22444,226,2504702
1464042578,xbzrle,dacapo,907,16528,389.6953125,150,8152,186,902788
1464042652,xbzrle,parsec,917,2741,2030.85546875,150,21369,220,2392240
1464042835,xbzrle,parsec,925,3211,2029.70703125,150,21070,243,2379070
1464042929,xbzrle,dacapo,737,16916,391.94140625,150,13130,214,1181240
1464043080,xbzrle,bzip,903,5511,2037.89453125,150,22219,282,2449867
1464043315,xbzrle,mem,922,12110,1165.36328125,150,18324,288,2062803
1464043889,compress,mem,394,12173,1171.44140625,150,105678,14380,5084338
1464044260,compress,parsec,103,424,2033.94140625,150,92951,128,1179798
1464044790,compress,dacapo,161,18017,418.4453125,150,16604,932,327271
1464044872,compress,parsec,171,2671,2030.015625,150,58668,26,1227196
1464045216,compress,parsec,194,780,2035.78125,150,49873,154,1183976
1464045348,compress,dacapo,153,15944,431.109375,150,16705,981,312931
1464045628,compress,bzip,231,7439,2038.21875,150,49883,137,1409924
1464045994,compress,mem,424,12115,1171.48828125,150,162658,2294,8435743
1464046641,x-postcopy-ram,mem,922,12144,1169.45703125,150,10700,2,1205502
1464046783,x-postcopy-ram,parsec,926,2614,2035.46875,150,18506,2,2092051
1464047005,x-postcopy-ram,dacapo,888,16449,403.46484375,150,3908,2,424012
1464047071,x-postcopy-ram,parsec,913,2645,2033.5234375,150,18746,2,2090091
1464047230,x-postcopy-ram,parsec,910,2414,2033.85546875,150,18817,2,2090431
1464047324,x-postcopy-ram,dacapo,922,16628,411.12109375,150,3792,2,426817
1464047460,x-postcopy-ram,bzip,927,5280,2037.96875,150,18507,2,2094674
1464047680,x-postcopy-ram,mem,901,10955,1169.6015625,150,10952,3,1205650
1464048167,x-postcopy-ram,mem,924,12173,1169.421875,150,10678,2,1205466
1464048310,x-postcopy-ram,parsec,914,2565,2035.05078125,150,18744,2,2091623
1464048533,x-postcopy-ram,dacapo,905,16400,395.6171875,150,3745,1,413740
1464048601,x-postcopy-ram,parsec,922,2727,2033.69140625,150,18558,3,2090239
1464048767,x-postcopy-ram,parsec,897,2525,2031.98828125,150,19057,2,2088520
1464048869,x-postcopy-ram,dacapo,910,16549,403.34765625,150,3792,2,421546
1464049005,x-postcopy-ram,bzip,931,4931,2037.76953125,150,18422,1,2094466
1464049228,x-postcopy-ram,mem,881,12152,1169.5078125,150,11199,5,1205558
1464049717,x-postcopy-ram,mem,928,12151,1167.7265625,150,10615,2,1203731
1464049860,x-postcopy-ram,parsec,933,9514,2035.34765625,150,18363,1,2091927
1464050084,x-postcopy-ram,dacapo,889,16412,400.37890625,150,3856,1,418707
1464050150,x-postcopy-ram,parsec,914,2640,2030.203125,150,18685,2,2086692
1464050316,compress,parsec,189,2668,2033.9296875,150,54403,36,1259030
1464050449,x-postcopy-ram,dacapo,909,16325,406.55859375,150,3830,2,425026
1464050584,x-postcopy-ram,bzip,934,5024,2038.81640625,150,18371,2,2095534
1464050803,x-postcopy-ram,mem,911,10958,1167.8125,150,10825,2,1203819
1464051294,x-postcopy-ram,mem,928,12181,1165.24609375,150,10600,2,1201191
1464051439,compress,parsec,101,7822,2035.140625,150,105918,13,1309877
1464051750,compress,dacapo,162,16493,392.20703125,150,15842,1038,314711
1464051830,compress,parsec,170,3215,2029.98828125,150,59463,45,1239627
1464052038,compress,parsec,190,3072,2033.73828125,150,51722,22,1199980
1464052166,x-postcopy-ram,dacapo,929,16736,402.16015625,150,3699,2,419514
1464052305,compress,bzip,230,5054,2038.48828125,150,50408,119,1417130
1464052561,x-postcopy-ram,mem,907,12153,1165.3515625,150,10841,2,1201299
1464053130,original,mem,936,12165,1167.4921875,150,17959,269,2052253
1464053289,auto-converge,parsec,915,2620,2034.44921875,150,21825,285,2437797
1464053532,auto-converge,dacapo,890,16347,404.95703125,150,7121,307,773689
1464053603,auto-converge,parsec,922,2744,2030.640625,150,21888,285,2465521
1464053777,compress,parsec,189,2727,2033.6640625,150,56461,67,1309110
1464053908,auto-converge,dacapo,860,17449,412.01171875,150,9085,287,954144
1464054058,original,bzip,916,4741,2038.13671875,150,21665,270,2422928
1464054292,compress,mem,426,12114,1167.60546875,150,162357,2284,8443446
1464054943,xbzrle,mem,935,12353,1171.11328125,150,17997,318,2054136
1464055103,original,parsec,912,3073,2035.4375,150,22064,292,2457498
1464055349,auto-converge,dacapo,886,16757,395.17578125,150,8397,289,908943
1464055423,xbzrle,parsec,914,2571,2031.953125,150,21430,239,2392456
1464055594,xbzrle,parsec,928,2887,2033.7734375,150,21200,242,2402910
1464055688,original,dacapo,840,17504,408.27734375,150,11721,553,1202028
1464055839,xbzrle,bzip,930,5545,2038.10546875,150,21755,297,2472256
1464056073,xbzrle,mem,917,12144,1171.24609375,150,18558,376,2078591
1464056578,xbzrle,mem,934,13296,1171.546875,150,18013,288,2054901
1464056736,xbzrle,parsec,920,3268,2035.13671875,150,22096,212,2481707
1464056980,xbzrle,dacapo,889,16492,394.44921875,150,8202,217,890204
1464057050,xbzrle,parsec,917,2581,2033.23828125,150,21570,189,2415109
1464057225,compress,parsec,194,2771,2031.90625,150,49728,48,1182987
1464057346,xbzrle,dacapo,739,16775,409.60546875,150,13129,208,1185231
1464057499,auto-converge,bzip,918,9284,2038.18359375,150,21519,302,2411510
1464057735,xbzrle,mem,922,12109,1171.66015625,150,18416,303,2074556
1464059490,auto-converge,mem,936,10954,1167.328125,150,17916,288,2046934
1464059641,auto-converge,parsec,927,2852,2035.1015625,150,22552,284,2554517
1464059918,xbzrle,dacapo,897,17170,394.03125,150,9362,247,1025454
1464059990,auto-converge,parsec,918,2579,2030.5703125,150,21439,277,2402419
1464060199,compress,parsec,191,2638,2034.0703125,150,51943,21,1215041
1464060332,xbzrle,dacapo,757,17130,404.9609375,150,12265,245,1133258
1464060512,auto-converge,bzip,915,5336,2036.29296875,150,21746,287,2431117
1464060777,auto-converge,mem,925,12128,1167.46484375,150,18246,316,2062037
1464061283,xbzrle,mem,934,12151,1169.6171875,150,17960,294,2048007
1464061432,xbzrle,parsec,914,3177,2035.43359375,150,22320,253,2491749
1464061677,compress,dacapo,161,16834,394.109375,150,18503,923,364600
1464061755,compress,parsec,166,13306,2032.23828125,150,67169,22,1363012
1464061978,compress,parsec,191,2539,2031.3203125,150,53703,26,1255488
1464062106,auto-converge,dacapo,840,16613,399.515625,150,9239,279,947928
1464062255,compress,bzip,229,4816,2038.26171875,150,49203,128,1376013
1464062517,xbzrle,mem,925,12098,1169.671875,150,18253,283,2062387
1464063206,original,memcached,854,29277,380.26953125,150,11585,924,1207840
1464063379,original,parsec,939,2624,2034.2421875,150,20943,268,2400768
1464063461,original,mem,934,12155,1167.78515625,150,18000,315,2052236
1464063540,original,parsec,917,3529,2032.36328125,150,22142,287,2479277
1464063827,original,parsec,920,149,393.39453125,150,4623,287,519429
1464063998,original,memcached,906,27836,380.33984375,150,10842,904,1199309
1464064080,original,specweb,901,242,394.06640625,150,3763,102,414065
1464064390,original,oltp,888,963,329.80078125,150,3271,122,354554
1464064457,original,parsec,937,2726,2036.125,150,21471,306,2456559
1464065025,auto-converge,memcached,850,28215,380.6328125,150,7932,303,823121
1464065200,auto-converge,parsec,937,2620,2035.75,150,20888,267,2391001
1464065283,auto-converge,mem,934,12171,1161.57421875,150,17846,293,2036346
1464065362,auto-converge,parsec,914,7283,2035.73046875,150,21972,290,2453421
1464065642,auto-converge,parsec,922,156,404.59375,150,4730,270,532608
1464065810,auto-converge,memcached,904,27702,380.75,150,8905,284,983631
1464065881,auto-converge,specweb,920,289,399.64453125,150,3736,118,419823
1464066187,auto-converge,oltp,858,957,326.5859375,150,3357,122,351527
1464066254,auto-converge,parsec,936,7964,2035.9453125,150,22158,305,2533746
1464066781,xbzrle,memcached,824,27764,374.171875,150,5146,12,517774
1464066926,xbzrle,parsec,935,3109,2035.1171875,150,21421,245,2447031
1464067009,xbzrle,mem,933,12146,1167.49609375,150,17999,306,2051537
1464067088,xbzrle,parsec,897,20137,2034.34765625,150,21802,18,2389749
1464067345,xbzrle,parsec,924,160,400.484375,150,4665,284,526118
1464067488,xbzrle,memcached,887,27695,374.26953125,150,4778,13,517795
1464067561,xbzrle,specweb,926,310,399.16796875,150,3710,141,419468
1464067805,xbzrle,oltp,835,943,330.22265625,150,3484,139,355046
1464067873,xbzrle,parsec,935,2666,2033.71875,150,21135,21,2414690
1464068665,compress,memcached,164,27028,385.55078125,150,11905,1033,239347
1464068887,compress,parsec,186,5739,2029.96484375,150,52249,30,1191561
1464068999,compress,mem,405,12158,1185.7890625,150,99531,12963,4932358
1464069159,compress,parsec,140,2844,2029.96875,150,69228,18,1185762
1464069627,compress,parsec,280,158,422.3203125,150,11242,192,384133
1464069844,compress,memcached,169,29477,385.640625,150,11618,1032,240940
1464069926,compress,specweb,181,334,405.75390625,150,5062,44,112156
1464070401,compress,oltp,76,955,335.25390625,150,13483,39,125544
1464070479,compress,parsec,192,2599,2030.08203125,150,54960,58,1289450
1464071024,x-postcopy-ram,memcached,894,29159,382.34375,150,3665,2,400220
1464071161,x-postcopy-ram,parsec,913,2874,2035.37890625,150,18751,2,2091975
1464071242,x-postcopy-ram,mem,927,12175,1167.59765625,150,10634,2,1203599
1464071314,x-postcopy-ram,parsec,934,2849,2034.73828125,150,18326,1,2091335
1464071548,x-postcopy-ram,parsec,892,159,394.01953125,150,3800,2,413774
1464071683,x-postcopy-ram,memcached,917,27829,382.44140625,150,3572,1,400071
1464071747,x-postcopy-ram,specweb,905,327,401.328125,150,3791,2,419129
1464071972,x-postcopy-ram,oltp,854,1056,327.7421875,150,3296,1,343928
1464072040,x-postcopy-ram,parsec,932,2645,2033.765625,150,18362,2,2090339
1464072547,xbzrle,memcached,828,29106,375.24609375,150,5136,14,519237
1464072684,x-postcopy-ram,parsec,918,2620,2035.64453125,150,18663,2,2092231
1464072765,x-postcopy-ram,mem,930,12146,1171.41015625,150,10634,3,1207502
1464072837,x-postcopy-ram,parsec,933,2848,2034.49609375,150,18353,2,2091087
1464073065,x-postcopy-ram,parsec,912,244,391.68359375,150,3699,2,411816
1464073201,x-postcopy-ram,memcached,922,27772,375.296875,150,3490,2,392845
1464073270,x-postcopy-ram,specweb,913,291,389.4453125,150,3650,2,406964
1464073499,x-postcopy-ram,oltp,831,989,326.60546875,150,3376,1,342752
1464073566,x-postcopy-ram,parsec,934,2621,2034.48828125,150,18331,2,2091079
1464074075,x-postcopy-ram,memcached,864,29202,381.890625,150,3788,2,399555
1464074213,x-postcopy-ram,parsec,918,4835,2035.23046875,150,18653,2,2091807
1464074293,x-postcopy-ram,mem,931,12140,1165.55859375,150,10567,2,1201511
1464074365,x-postcopy-ram,parsec,934,6442,2034.125,150,18327,3,2090707
1464074598,x-postcopy-ram,parsec,912,1758,391.984375,150,3695,2,411667
1464074733,x-postcopy-ram,memcached,903,27780,382,150,3624,3,399796
1464074801,x-postcopy-ram,specweb,913,282,394.765625,150,3699,2,412411
1464075039,x-postcopy-ram,oltp,830,985,330.35546875,150,3420,1,346623
1464075106,x-postcopy-ram,parsec,937,8800,2034.14453125,150,18275,2,2090727
1464075613,compress,memcached,166,28912,383.33203125,150,12649,1027,256964
1464075759,compress,parsec,189,3343,2035.26171875,150,53903,24,1243839
1464075874,x-postcopy-ram,mem,928,12154,1169.4375,150,10637,2,1205482
1464075945,compress,parsec,143,3660,2033.95703125,150,69322,38,1215204
1464076227,x-postcopy-ram,parsec,887,151,387.296875,150,3758,2,406908
1464076362,compress,memcached,170,27678,383.37109375,150,11579,1051,241457
1464076443,compress,specweb,179,296,396.54296875,150,5122,68,111929
1464076670,compress,oltp,75,957,324.62109375,150,13625,48,125355
1464076747,compress,parsec,194,2698,2033.78515625,150,55344,17,1310596
1464077309,x-postcopy-ram,memcached,896,27383,381.09765625,150,3644,2,398804
1464077453,original,parsec,938,2889,2035.17578125,150,21697,304,2484776
1464077536,original,mem,936,12146,1169.5078125,150,17927,302,2050029
1464077615,auto-converge,parsec,918,2639,2033.27734375,150,21452,263,2404651
1464077856,compress,parsec,281,266,389.05859375,150,9386,259,322694
1464078003,x-postcopy-ram,memcached,908,27732,381.05078125,150,3594,1,398728
1464078067,xbzrle,specweb,917,254,393.4140625,150,3705,145,414653
1464078304,x-postcopy-ram,oltp,864,975,330.10546875,150,3282,2,346279
1464078370,auto-converge,parsec,936,2901,2031.75390625,150,21428,290,2449077
1464078900,x-postcopy-ram,memcached,868,27592,382.921875,150,3781,2,400864
1464079044,xbzrle,parsec,937,3010,2035.4765625,150,21717,55,2485601
1464079127,x-postcopy-ram,mem,931,12134,1166.80859375,150,10577,3,1202791
1464079199,xbzrle,parsec,908,2843,2034.90625,150,21561,218,2390285
1464079447,xbzrle,parsec,926,184,400.4296875,150,4654,10,526429
1464079591,x-postcopy-ram,memcached,910,27839,382.9375,150,3604,2,400683
1464079656,x-postcopy-ram,specweb,917,273,397.11328125,150,3702,2,414814
1464079908,x-postcopy-ram,oltp,864,975,324.34375,150,3227,1,340464
1464079975,xbzrle,parsec,933,2939,2033.96875,150,21373,22,2436247
1464080501,x-postcopy-ram,memcached,880,27084,379.21875,150,3691,3,396848
1464080644,xbzrle,parsec,935,3440,2035.390625,150,21357,28,2439075
1464080727,xbzrle,mem,928,12176,1169.578125,150,18146,307,2057609
1464080806,xbzrle,parsec,893,8575,2033.99609375,150,21872,224,2386573
1464081062,xbzrle,parsec,924,146,397.4453125,150,4647,290,524147
1464081207,x-postcopy-ram,memcached,911,27733,379.21484375,150,3566,1,396760
1464081279,original,specweb,900,404,381.828125,150,3656,86,401568
1464081521,x-postcopy-ram,oltp,848,970,327.2265625,150,3315,1,343396
1464081587,xbzrle,parsec,935,2629,2034.01171875,150,20864,17,2381759
1464082151,x-postcopy-ram,memcached,876,27872,369.15625,150,3612,2,386354
1464082319,auto-converge,parsec,938,9830,2035.65234375,150,21427,260,2454313
1464082402,original,mem,934,12197,1169.52734375,150,17969,312,2049908
1464082481,auto-converge,parsec,898,3403,2035.4453125,150,22429,292,2459831
1464082759,xbzrle,parsec,922,197,400.8828125,150,4680,275,526819
